%YAML 1.1
%TAG !u! tag:unity3d.com,2011:
--- !u!29 &1
SceneSettings:
  m_ObjectHideFlags: 0
  m_PVSData: 
  m_PVSObjectsArray: []
  m_PVSPortalsArray: []
  m_OcclusionBakeSettings:
    smallestOccluder: 5
    smallestHole: 0.25
    backfaceThreshold: 100
--- !u!104 &2
RenderSettings:
  m_ObjectHideFlags: 0
  serializedVersion: 6
  m_Fog: 0
  m_FogColor: {r: 0.5, g: 0.5, b: 0.5, a: 1}
  m_FogMode: 3
  m_FogDensity: 0.01
  m_LinearFogStart: 0
  m_LinearFogEnd: 300
  m_AmbientSkyColor: {r: 0.212, g: 0.227, b: 0.259, a: 1}
  m_AmbientEquatorColor: {r: 0.114, g: 0.125, b: 0.133, a: 1}
  m_AmbientGroundColor: {r: 0.047, g: 0.043, b: 0.035, a: 1}
  m_AmbientIntensity: 1
  m_AmbientMode: 0
  m_SkyboxMaterial: {fileID: 10304, guid: 0000000000000000f000000000000000, type: 0}
  m_HaloStrength: 0.5
  m_FlareStrength: 1
  m_FlareFadeSpeed: 3
  m_HaloTexture: {fileID: 0}
  m_SpotCookie: {fileID: 10001, guid: 0000000000000000e000000000000000, type: 0}
  m_DefaultReflectionMode: 0
  m_DefaultReflectionResolution: 128
  m_ReflectionBounces: 1
  m_ReflectionIntensity: 1
  m_CustomReflection: {fileID: 0}
  m_Sun: {fileID: 0}
--- !u!157 &4
LightmapSettings:
  m_ObjectHideFlags: 0
  serializedVersion: 6
  m_GIWorkflowMode: 0
  m_LightmapsMode: 1
  m_GISettings:
    serializedVersion: 2
    m_BounceScale: 1
    m_IndirectOutputScale: 1
    m_AlbedoBoost: 1
    m_TemporalCoherenceThreshold: 1
    m_EnvironmentLightingMode: 0
    m_EnableBakedLightmaps: 1
    m_EnableRealtimeLightmaps: 1
  m_LightmapEditorSettings:
    serializedVersion: 3
    m_Resolution: 2
    m_BakeResolution: 40
    m_TextureWidth: 1024
    m_TextureHeight: 1024
    m_AOMaxDistance: 1
    m_Padding: 2
    m_CompAOExponent: 0
    m_LightmapParameters: {fileID: 0}
    m_TextureCompression: 1
    m_FinalGather: 0
    m_FinalGatherRayCount: 1024
    m_ReflectionCompression: 2
  m_LightingDataAsset: {fileID: 0}
  m_RuntimeCPUUsage: 25
--- !u!196 &5
NavMeshSettings:
  serializedVersion: 2
  m_ObjectHideFlags: 0
  m_BuildSettings:
    serializedVersion: 2
    agentRadius: 0.5
    agentHeight: 2
    agentSlope: 45
    agentClimb: 0.4
    ledgeDropHeight: 0
    maxJumpAcrossDistance: 0
    accuratePlacement: 0
    minRegionArea: 2
    cellSize: 0.16666667
    manualCellSize: 0
  m_NavMeshData: {fileID: 0}
--- !u!1 &110700881
GameObject:
  m_ObjectHideFlags: 0
  m_PrefabParentObject: {fileID: 167652, guid: b58c19bae463ca24d82249908693d5c8, type: 2}
  m_PrefabInternal: {fileID: 289978213}
  serializedVersion: 4
  m_Component:
  - 224: {fileID: 110700882}
  - 222: {fileID: 110700884}
  - 114: {fileID: 110700883}
  m_Layer: 5
  m_Name: Circle
  m_TagString: Untagged
  m_Icon: {fileID: 0}
  m_NavMeshLayer: 0
  m_StaticEditorFlags: 0
  m_IsActive: 1
--- !u!224 &110700882
RectTransform:
  m_ObjectHideFlags: 0
  m_PrefabParentObject: {fileID: 22467652, guid: b58c19bae463ca24d82249908693d5c8,
    type: 2}
  m_PrefabInternal: {fileID: 289978213}
  m_GameObject: {fileID: 110700881}
  m_LocalRotation: {x: 0, y: 0, z: 0.77537006, w: -0.6315072}
  m_LocalPosition: {x: 0, y: 0, z: 0}
  m_LocalScale: {x: 1, y: 1, z: 1}
  m_Children: []
  m_Father: {fileID: 1164619962}
  m_RootOrder: 8
  m_AnchorMin: {x: 0, y: 0}
  m_AnchorMax: {x: 0, y: 0}
  m_AnchoredPosition: {x: 318, y: 318}
  m_SizeDelta: {x: 621, y: 621}
  m_Pivot: {x: 0.5, y: 0.5}
--- !u!114 &110700883
MonoBehaviour:
  m_ObjectHideFlags: 0
  m_PrefabParentObject: {fileID: 11467654, guid: b58c19bae463ca24d82249908693d5c8,
    type: 2}
  m_PrefabInternal: {fileID: 289978213}
  m_GameObject: {fileID: 110700881}
  m_Enabled: 1
  m_EditorHideFlags: 0
  m_Script: {fileID: -765806418, guid: f5f67c52d1564df4a8936ccd202a3bd8, type: 3}
  m_Name: 
  m_EditorClassIdentifier: 
  m_Material: {fileID: 0}
  m_Color: {r: 0.96862745, g: 0.94509804, b: 0.9372549, a: 0.3019608}
  m_RaycastTarget: 1
  m_OnCullStateChanged:
    m_PersistentCalls:
      m_Calls: []
    m_TypeName: UnityEngine.UI.MaskableGraphic+CullStateChangedEvent, UnityEngine.UI,
      Version=1.0.0.0, Culture=neutral, PublicKeyToken=null
  m_Sprite: {fileID: 21300000, guid: 73ff9b0cba4d93a41b8b2f045a8d52c1, type: 3}
  m_Type: 3
  m_PreserveAspect: 0
  m_FillCenter: 1
  m_FillMethod: 4
  m_FillAmount: 0.1
  m_FillClockwise: 1
  m_FillOrigin: 0
--- !u!222 &110700884
CanvasRenderer:
  m_ObjectHideFlags: 0
  m_PrefabParentObject: {fileID: 22267652, guid: b58c19bae463ca24d82249908693d5c8,
    type: 2}
  m_PrefabInternal: {fileID: 289978213}
  m_GameObject: {fileID: 110700881}
--- !u!1001 &289978213
Prefab:
  m_ObjectHideFlags: 0
  serializedVersion: 2
  m_Modification:
    m_TransformParent: {fileID: 0}
    m_Modifications:
    - target: {fileID: 22467676, guid: b58c19bae463ca24d82249908693d5c8, type: 2}
      propertyPath: m_LocalPosition.x
      value: 0
      objectReference: {fileID: 0}
    - target: {fileID: 22467676, guid: b58c19bae463ca24d82249908693d5c8, type: 2}
      propertyPath: m_LocalPosition.y
      value: 0
      objectReference: {fileID: 0}
    - target: {fileID: 22467676, guid: b58c19bae463ca24d82249908693d5c8, type: 2}
      propertyPath: m_LocalPosition.z
      value: 0
      objectReference: {fileID: 0}
    - target: {fileID: 22467676, guid: b58c19bae463ca24d82249908693d5c8, type: 2}
      propertyPath: m_LocalRotation.x
      value: 0
      objectReference: {fileID: 0}
    - target: {fileID: 22467676, guid: b58c19bae463ca24d82249908693d5c8, type: 2}
      propertyPath: m_LocalRotation.y
      value: 0
      objectReference: {fileID: 0}
    - target: {fileID: 22467676, guid: b58c19bae463ca24d82249908693d5c8, type: 2}
      propertyPath: m_LocalRotation.z
      value: 0
      objectReference: {fileID: 0}
    - target: {fileID: 22467676, guid: b58c19bae463ca24d82249908693d5c8, type: 2}
      propertyPath: m_LocalRotation.w
      value: 1
      objectReference: {fileID: 0}
    - target: {fileID: 22467676, guid: b58c19bae463ca24d82249908693d5c8, type: 2}
      propertyPath: m_RootOrder
      value: 0
      objectReference: {fileID: 0}
    - target: {fileID: 22467676, guid: b58c19bae463ca24d82249908693d5c8, type: 2}
      propertyPath: m_AnchoredPosition.x
      value: 0
      objectReference: {fileID: 0}
    - target: {fileID: 22467676, guid: b58c19bae463ca24d82249908693d5c8, type: 2}
      propertyPath: m_AnchoredPosition.y
      value: 0
      objectReference: {fileID: 0}
    - target: {fileID: 22467676, guid: b58c19bae463ca24d82249908693d5c8, type: 2}
      propertyPath: m_SizeDelta.x
      value: 0
      objectReference: {fileID: 0}
    - target: {fileID: 22467676, guid: b58c19bae463ca24d82249908693d5c8, type: 2}
      propertyPath: m_SizeDelta.y
      value: 0
      objectReference: {fileID: 0}
    - target: {fileID: 22467676, guid: b58c19bae463ca24d82249908693d5c8, type: 2}
      propertyPath: m_AnchorMin.x
      value: 0
      objectReference: {fileID: 0}
    - target: {fileID: 22467676, guid: b58c19bae463ca24d82249908693d5c8, type: 2}
      propertyPath: m_AnchorMin.y
      value: 0
      objectReference: {fileID: 0}
    - target: {fileID: 22467676, guid: b58c19bae463ca24d82249908693d5c8, type: 2}
      propertyPath: m_AnchorMax.x
      value: 0
      objectReference: {fileID: 0}
    - target: {fileID: 22467676, guid: b58c19bae463ca24d82249908693d5c8, type: 2}
      propertyPath: m_AnchorMax.y
      value: 0
      objectReference: {fileID: 0}
    - target: {fileID: 22467676, guid: b58c19bae463ca24d82249908693d5c8, type: 2}
      propertyPath: m_Pivot.x
      value: 0
      objectReference: {fileID: 0}
    - target: {fileID: 22467676, guid: b58c19bae463ca24d82249908693d5c8, type: 2}
      propertyPath: m_Pivot.y
      value: 0
      objectReference: {fileID: 0}
    m_RemovedComponents: []
  m_ParentPrefab: {fileID: 100100000, guid: b58c19bae463ca24d82249908693d5c8, type: 2}
  m_RootGameObject: {fileID: 1196660945}
  m_IsPrefabParent: 0
--- !u!1 &473576605
GameObject:
  m_ObjectHideFlags: 0
  m_PrefabParentObject: {fileID: 167660, guid: b58c19bae463ca24d82249908693d5c8, type: 2}
  m_PrefabInternal: {fileID: 289978213}
  serializedVersion: 4
  m_Component:
  - 224: {fileID: 473576606}
  - 222: {fileID: 473576608}
  - 114: {fileID: 473576607}
  m_Layer: 5
  m_Name: AppTitle
  m_TagString: Untagged
  m_Icon: {fileID: 0}
  m_NavMeshLayer: 0
  m_StaticEditorFlags: 0
  m_IsActive: 1
--- !u!224 &473576606
RectTransform:
  m_ObjectHideFlags: 0
  m_PrefabParentObject: {fileID: 22467660, guid: b58c19bae463ca24d82249908693d5c8,
    type: 2}
  m_PrefabInternal: {fileID: 289978213}
  m_GameObject: {fileID: 473576605}
  m_LocalRotation: {x: 0, y: 0, z: 0, w: 1}
  m_LocalPosition: {x: 0, y: 0, z: 0}
  m_LocalScale: {x: 1, y: 1, z: 1}
  m_Children:
  - {fileID: 782151783}
  m_Father: {fileID: 1196660949}
  m_RootOrder: 0
  m_AnchorMin: {x: 0.5, y: 0.5}
  m_AnchorMax: {x: 0.5, y: 0.5}
  m_AnchoredPosition: {x: 28, y: 410}
  m_SizeDelta: {x: 695, y: 109}
  m_Pivot: {x: 0.5, y: 0.5}
--- !u!114 &473576607
MonoBehaviour:
  m_ObjectHideFlags: 0
  m_PrefabParentObject: {fileID: 11467662, guid: b58c19bae463ca24d82249908693d5c8,
    type: 2}
  m_PrefabInternal: {fileID: 289978213}
  m_GameObject: {fileID: 473576605}
  m_Enabled: 1
  m_EditorHideFlags: 0
  m_Script: {fileID: 708705254, guid: f5f67c52d1564df4a8936ccd202a3bd8, type: 3}
  m_Name: 
  m_EditorClassIdentifier: 
  m_Material: {fileID: 0}
  m_Color: {r: 0.85490197, g: 0.85490197, b: 0.85490197, a: 1}
  m_RaycastTarget: 1
  m_OnCullStateChanged:
    m_PersistentCalls:
      m_Calls: []
    m_TypeName: UnityEngine.UI.MaskableGraphic+CullStateChangedEvent, UnityEngine.UI,
      Version=1.0.0.0, Culture=neutral, PublicKeyToken=null
  m_FontData:
    m_Font: {fileID: 12800000, guid: 218956a5c2a6e42d6a60afccf80b002b, type: 3}
    m_FontSize: 75
    m_FontStyle: 0
    m_BestFit: 0
    m_MinSize: 10
    m_MaxSize: 75
    m_Alignment: 0
    m_AlignByGeometry: 0
    m_RichText: 1
    m_HorizontalOverflow: 0
    m_VerticalOverflow: 1
    m_LineSpacing: 1
  m_Text: CLOCK WATCH
--- !u!222 &473576608
CanvasRenderer:
  m_ObjectHideFlags: 0
  m_PrefabParentObject: {fileID: 22267660, guid: b58c19bae463ca24d82249908693d5c8,
    type: 2}
  m_PrefabInternal: {fileID: 289978213}
  m_GameObject: {fileID: 473576605}
--- !u!1 &782151782
GameObject:
  m_ObjectHideFlags: 0
  m_PrefabParentObject: {fileID: 167646, guid: b58c19bae463ca24d82249908693d5c8, type: 2}
  m_PrefabInternal: {fileID: 289978213}
  serializedVersion: 4
  m_Component:
  - 224: {fileID: 782151783}
  - 222: {fileID: 782151785}
  - 114: {fileID: 782151784}
  m_Layer: 5
  m_Name: AppTitle
  m_TagString: Untagged
  m_Icon: {fileID: 0}
  m_NavMeshLayer: 0
  m_StaticEditorFlags: 0
  m_IsActive: 1
--- !u!224 &782151783
RectTransform:
  m_ObjectHideFlags: 0
  m_PrefabParentObject: {fileID: 22467646, guid: b58c19bae463ca24d82249908693d5c8,
    type: 2}
  m_PrefabInternal: {fileID: 289978213}
  m_GameObject: {fileID: 782151782}
  m_LocalRotation: {x: 0, y: 0, z: 0, w: 1}
  m_LocalPosition: {x: 0, y: 0, z: 0}
  m_LocalScale: {x: 1, y: 1, z: 1}
  m_Children: []
  m_Father: {fileID: 473576606}
  m_RootOrder: 0
  m_AnchorMin: {x: 0.5, y: 0.5}
  m_AnchorMax: {x: 0.5, y: 0.5}
  m_AnchoredPosition: {x: -0.00011635, y: -77}
  m_SizeDelta: {x: 695, y: 109}
  m_Pivot: {x: 0.5, y: 0.5}
--- !u!114 &782151784
MonoBehaviour:
  m_ObjectHideFlags: 0
  m_PrefabParentObject: {fileID: 11467646, guid: b58c19bae463ca24d82249908693d5c8,
    type: 2}
  m_PrefabInternal: {fileID: 289978213}
  m_GameObject: {fileID: 782151782}
  m_Enabled: 1
  m_EditorHideFlags: 0
  m_Script: {fileID: 708705254, guid: f5f67c52d1564df4a8936ccd202a3bd8, type: 3}
  m_Name: 
  m_EditorClassIdentifier: 
  m_Material: {fileID: 0}
  m_Color: {r: 0.85490197, g: 0.85490197, b: 0.85490197, a: 1}
  m_RaycastTarget: 1
  m_OnCullStateChanged:
    m_PersistentCalls:
      m_Calls: []
    m_TypeName: UnityEngine.UI.MaskableGraphic+CullStateChangedEvent, UnityEngine.UI,
      Version=1.0.0.0, Culture=neutral, PublicKeyToken=null
  m_FontData:
    m_Font: {fileID: 12800000, guid: 218956a5c2a6e42d6a60afccf80b002b, type: 3}
    m_FontSize: 40
    m_FontStyle: 0
    m_BestFit: 0
    m_MinSize: 10
    m_MaxSize: 40
    m_Alignment: 0
    m_AlignByGeometry: 0
    m_RichText: 1
    m_HorizontalOverflow: 0
    m_VerticalOverflow: 1
    m_LineSpacing: 1
  m_Text: APP SAMPLE
--- !u!222 &782151785
CanvasRenderer:
  m_ObjectHideFlags: 0
  m_PrefabParentObject: {fileID: 22267646, guid: b58c19bae463ca24d82249908693d5c8,
    type: 2}
  m_PrefabInternal: {fileID: 289978213}
  m_GameObject: {fileID: 782151782}
--- !u!1 &818342231
GameObject:
  m_ObjectHideFlags: 0
  m_PrefabParentObject: {fileID: 167654, guid: b58c19bae463ca24d82249908693d5c8, type: 2}
  m_PrefabInternal: {fileID: 289978213}
  serializedVersion: 4
  m_Component:
  - 224: {fileID: 818342232}
  - 222: {fileID: 818342234}
  - 114: {fileID: 818342233}
  m_Layer: 5
  m_Name: Circle
  m_TagString: Untagged
  m_Icon: {fileID: 0}
  m_NavMeshLayer: 0
  m_StaticEditorFlags: 0
  m_IsActive: 1
--- !u!224 &818342232
RectTransform:
  m_ObjectHideFlags: 0
  m_PrefabParentObject: {fileID: 22467654, guid: b58c19bae463ca24d82249908693d5c8,
    type: 2}
  m_PrefabInternal: {fileID: 289978213}
  m_GameObject: {fileID: 818342231}
  m_LocalRotation: {x: 0, y: 0, z: 0.9345862, w: 0.35573673}
  m_LocalPosition: {x: 0, y: 0, z: 0}
  m_LocalScale: {x: 1, y: 1, z: 1}
  m_Children: []
  m_Father: {fileID: 1164619962}
  m_RootOrder: 5
  m_AnchorMin: {x: 0, y: 0}
  m_AnchorMax: {x: 0, y: 0}
  m_AnchoredPosition: {x: 318, y: 318}
  m_SizeDelta: {x: 621, y: 621}
  m_Pivot: {x: 0.5, y: 0.5}
--- !u!114 &818342233
MonoBehaviour:
  m_ObjectHideFlags: 0
  m_PrefabParentObject: {fileID: 11467656, guid: b58c19bae463ca24d82249908693d5c8,
    type: 2}
  m_PrefabInternal: {fileID: 289978213}
  m_GameObject: {fileID: 818342231}
  m_Enabled: 1
  m_EditorHideFlags: 0
  m_Script: {fileID: -765806418, guid: f5f67c52d1564df4a8936ccd202a3bd8, type: 3}
  m_Name: 
  m_EditorClassIdentifier: 
  m_Material: {fileID: 0}
  m_Color: {r: 0.96862745, g: 0.94509804, b: 0.9372549, a: 0.3019608}
  m_RaycastTarget: 1
  m_OnCullStateChanged:
    m_PersistentCalls:
      m_Calls: []
    m_TypeName: UnityEngine.UI.MaskableGraphic+CullStateChangedEvent, UnityEngine.UI,
      Version=1.0.0.0, Culture=neutral, PublicKeyToken=null
  m_Sprite: {fileID: 21300000, guid: 73ff9b0cba4d93a41b8b2f045a8d52c1, type: 3}
  m_Type: 3
  m_PreserveAspect: 0
  m_FillCenter: 1
  m_FillMethod: 4
  m_FillAmount: 0.1
  m_FillClockwise: 1
  m_FillOrigin: 0
--- !u!222 &818342234
CanvasRenderer:
  m_ObjectHideFlags: 0
  m_PrefabParentObject: {fileID: 22267654, guid: b58c19bae463ca24d82249908693d5c8,
    type: 2}
  m_PrefabInternal: {fileID: 289978213}
  m_GameObject: {fileID: 818342231}
--- !u!1 &1164619961
GameObject:
  m_ObjectHideFlags: 0
  m_PrefabParentObject: {fileID: 167650, guid: b58c19bae463ca24d82249908693d5c8, type: 2}
  m_PrefabInternal: {fileID: 289978213}
  serializedVersion: 4
  m_Component:
  - 224: {fileID: 1164619962}
  - 222: {fileID: 1164619965}
  - 114: {fileID: 1164619964}
  - 114: {fileID: 1164619963}
  m_Layer: 5
  m_Name: Panel
  m_TagString: Untagged
  m_Icon: {fileID: 0}
  m_NavMeshLayer: 0
  m_StaticEditorFlags: 0
  m_IsActive: 1
--- !u!224 &1164619962
RectTransform:
  m_ObjectHideFlags: 0
  m_PrefabParentObject: {fileID: 22467650, guid: b58c19bae463ca24d82249908693d5c8,
    type: 2}
  m_PrefabInternal: {fileID: 289978213}
  m_GameObject: {fileID: 1164619961}
  m_LocalRotation: {x: 0, y: 0, z: 0, w: 1}
  m_LocalPosition: {x: 0, y: 0, z: 0}
  m_LocalScale: {x: 1, y: 1, z: 1}
  m_Children:
  - {fileID: 1190600921}
  - {fileID: 1844182960}
  - {fileID: 1793077238}
  - {fileID: 2037337658}
  - {fileID: 2145029568}
  - {fileID: 818342232}
  - {fileID: 1355315844}
  - {fileID: 2035281795}
  - {fileID: 110700882}
  - {fileID: 1574418219}
  - {fileID: 1536050189}
  - {fileID: 1268160496}
  m_Father: {fileID: 1196660949}
  m_RootOrder: 1
  m_AnchorMin: {x: 0, y: 0}
  m_AnchorMax: {x: 0, y: 0}
  m_AnchoredPosition: {x: 318, y: 318}
  m_SizeDelta: {x: 636, y: 636}
  m_Pivot: {x: 0.5, y: 0.5}
--- !u!114 &1164619963
MonoBehaviour:
  m_ObjectHideFlags: 0
  m_PrefabParentObject: {fileID: 11467650, guid: b58c19bae463ca24d82249908693d5c8,
    type: 2}
  m_PrefabInternal: {fileID: 289978213}
  m_GameObject: {fileID: 1164619961}
  m_Enabled: 1
  m_EditorHideFlags: 0
  m_Script: {fileID: -1200242548, guid: f5f67c52d1564df4a8936ccd202a3bd8, type: 3}
  m_Name: 
  m_EditorClassIdentifier: 
  m_ShowMaskGraphic: 1
--- !u!114 &1164619964
MonoBehaviour:
  m_ObjectHideFlags: 0
  m_PrefabParentObject: {fileID: 11467652, guid: b58c19bae463ca24d82249908693d5c8,
    type: 2}
  m_PrefabInternal: {fileID: 289978213}
  m_GameObject: {fileID: 1164619961}
  m_Enabled: 1
  m_EditorHideFlags: 0
  m_Script: {fileID: -765806418, guid: f5f67c52d1564df4a8936ccd202a3bd8, type: 3}
  m_Name: 
  m_EditorClassIdentifier: 
  m_Material: {fileID: 0}
  m_Color: {r: 0.972549, g: 0.9490196, b: 0.9411765, a: 1}
  m_RaycastTarget: 1
  m_OnCullStateChanged:
    m_PersistentCalls:
      m_Calls: []
    m_TypeName: UnityEngine.UI.MaskableGraphic+CullStateChangedEvent, UnityEngine.UI,
      Version=1.0.0.0, Culture=neutral, PublicKeyToken=null
  m_Sprite: {fileID: 21300000, guid: 86c50c842fc5e5548b6a6e876c645ee0, type: 3}
  m_Type: 0
  m_PreserveAspect: 0
  m_FillCenter: 1
  m_FillMethod: 4
  m_FillAmount: 1
  m_FillClockwise: 1
  m_FillOrigin: 0
--- !u!222 &1164619965
CanvasRenderer:
  m_ObjectHideFlags: 0
  m_PrefabParentObject: {fileID: 22267650, guid: b58c19bae463ca24d82249908693d5c8,
    type: 2}
  m_PrefabInternal: {fileID: 289978213}
  m_GameObject: {fileID: 1164619961}
--- !u!1 &1190600920
GameObject:
  m_ObjectHideFlags: 0
  m_PrefabParentObject: {fileID: 167658, guid: b58c19bae463ca24d82249908693d5c8, type: 2}
  m_PrefabInternal: {fileID: 289978213}
  serializedVersion: 4
  m_Component:
  - 224: {fileID: 1190600921}
  - 222: {fileID: 1190600923}
  - 114: {fileID: 1190600922}
  m_Layer: 5
  m_Name: Image
  m_TagString: Untagged
  m_Icon: {fileID: 0}
  m_NavMeshLayer: 0
  m_StaticEditorFlags: 0
  m_IsActive: 1
--- !u!224 &1190600921
RectTransform:
  m_ObjectHideFlags: 0
  m_PrefabParentObject: {fileID: 22467658, guid: b58c19bae463ca24d82249908693d5c8,
    type: 2}
  m_PrefabInternal: {fileID: 289978213}
  m_GameObject: {fileID: 1190600920}
  m_LocalRotation: {x: 0, y: 0, z: 0, w: 1}
  m_LocalPosition: {x: 0, y: 0, z: 0}
  m_LocalScale: {x: 1, y: 1, z: 1}
  m_Children: []
  m_Father: {fileID: 1164619962}
  m_RootOrder: 0
  m_AnchorMin: {x: 0.5, y: 0.5}
  m_AnchorMax: {x: 0.5, y: 0.5}
  m_AnchoredPosition: {x: 26, y: 0}
  m_SizeDelta: {x: 1123, y: 749}
  m_Pivot: {x: 0.5, y: 0.5}
--- !u!114 &1190600922
MonoBehaviour:
  m_ObjectHideFlags: 0
  m_PrefabParentObject: {fileID: 11467660, guid: b58c19bae463ca24d82249908693d5c8,
    type: 2}
  m_PrefabInternal: {fileID: 289978213}
  m_GameObject: {fileID: 1190600920}
  m_Enabled: 1
  m_EditorHideFlags: 0
  m_Script: {fileID: -765806418, guid: f5f67c52d1564df4a8936ccd202a3bd8, type: 3}
  m_Name: 
  m_EditorClassIdentifier: 
  m_Material: {fileID: 0}
  m_Color: {r: 1, g: 1, b: 1, a: 1}
  m_RaycastTarget: 1
  m_OnCullStateChanged:
    m_PersistentCalls:
      m_Calls: []
    m_TypeName: UnityEngine.UI.MaskableGraphic+CullStateChangedEvent, UnityEngine.UI,
      Version=1.0.0.0, Culture=neutral, PublicKeyToken=null
  m_Sprite: {fileID: 21300000, guid: ec204ee652024464294f15e766a1bd2c, type: 3}
  m_Type: 0
  m_PreserveAspect: 0
  m_FillCenter: 1
  m_FillMethod: 4
  m_FillAmount: 1
  m_FillClockwise: 1
  m_FillOrigin: 0
--- !u!222 &1190600923
CanvasRenderer:
  m_ObjectHideFlags: 0
  m_PrefabParentObject: {fileID: 22267658, guid: b58c19bae463ca24d82249908693d5c8,
    type: 2}
  m_PrefabInternal: {fileID: 289978213}
  m_GameObject: {fileID: 1190600920}
--- !u!1 &1196660945
GameObject:
  m_ObjectHideFlags: 0
  m_PrefabParentObject: {fileID: 167676, guid: b58c19bae463ca24d82249908693d5c8, type: 2}
  m_PrefabInternal: {fileID: 289978213}
  serializedVersion: 4
  m_Component:
  - 224: {fileID: 1196660949}
  - 223: {fileID: 1196660948}
  - 114: {fileID: 1196660947}
  - 114: {fileID: 1196660946}
  m_Layer: 5
  m_Name: WatchTimerApp_1
  m_TagString: Untagged
  m_Icon: {fileID: 0}
  m_NavMeshLayer: 0
  m_StaticEditorFlags: 0
  m_IsActive: 1
--- !u!114 &1196660946
MonoBehaviour:
  m_ObjectHideFlags: 0
  m_PrefabParentObject: {fileID: 11467678, guid: b58c19bae463ca24d82249908693d5c8,
    type: 2}
  m_PrefabInternal: {fileID: 289978213}
  m_GameObject: {fileID: 1196660945}
  m_Enabled: 1
  m_EditorHideFlags: 0
  m_Script: {fileID: 1301386320, guid: f5f67c52d1564df4a8936ccd202a3bd8, type: 3}
  m_Name: 
  m_EditorClassIdentifier: 
  m_IgnoreReversedGraphics: 1
  m_BlockingObjects: 0
  m_BlockingMask:
    serializedVersion: 2
    m_Bits: 4294967295
--- !u!114 &1196660947
MonoBehaviour:
  m_ObjectHideFlags: 0
  m_PrefabParentObject: {fileID: 11467680, guid: b58c19bae463ca24d82249908693d5c8,
    type: 2}
  m_PrefabInternal: {fileID: 289978213}
  m_GameObject: {fileID: 1196660945}
  m_Enabled: 1
  m_EditorHideFlags: 0
  m_Script: {fileID: 1980459831, guid: f5f67c52d1564df4a8936ccd202a3bd8, type: 3}
  m_Name: 
  m_EditorClassIdentifier: 
  m_UiScaleMode: 1
  m_ReferencePixelsPerUnit: 100
  m_ScaleFactor: 1
  m_ReferenceResolution: {x: 636, y: 636}
  m_ScreenMatchMode: 0
  m_MatchWidthOrHeight: 1
  m_PhysicalUnit: 3
  m_FallbackScreenDPI: 96
  m_DefaultSpriteDPI: 96
  m_DynamicPixelsPerUnit: 1
--- !u!223 &1196660948
Canvas:
  m_ObjectHideFlags: 0
  m_PrefabParentObject: {fileID: 22367646, guid: b58c19bae463ca24d82249908693d5c8,
    type: 2}
  m_PrefabInternal: {fileID: 289978213}
  m_GameObject: {fileID: 1196660945}
  m_Enabled: 1
  serializedVersion: 2
  m_RenderMode: 0
  m_Camera: {fileID: 0}
  m_PlaneDistance: 100
  m_PixelPerfect: 1
  m_ReceivesEvents: 1
  m_OverrideSorting: 0
  m_OverridePixelPerfect: 0
  m_SortingLayerID: 0
  m_SortingOrder: 0
  m_TargetDisplay: 0
--- !u!224 &1196660949
RectTransform:
  m_ObjectHideFlags: 0
  m_PrefabParentObject: {fileID: 22467676, guid: b58c19bae463ca24d82249908693d5c8,
    type: 2}
  m_PrefabInternal: {fileID: 289978213}
  m_GameObject: {fileID: 1196660945}
  m_LocalRotation: {x: 0, y: 0, z: 0, w: 1}
  m_LocalPosition: {x: 0, y: 0, z: 0}
  m_LocalScale: {x: 0, y: 0, z: 0}
  m_Children:
  - {fileID: 473576606}
  - {fileID: 1164619962}
  m_Father: {fileID: 0}
  m_RootOrder: 0
  m_AnchorMin: {x: 0, y: 0}
  m_AnchorMax: {x: 0, y: 0}
  m_AnchoredPosition: {x: 0, y: 0}
  m_SizeDelta: {x: 0, y: 0}
  m_Pivot: {x: 0, y: 0}
--- !u!1 &1268160495
GameObject:
  m_ObjectHideFlags: 0
  m_PrefabParentObject: {fileID: 167662, guid: b58c19bae463ca24d82249908693d5c8, type: 2}
  m_PrefabInternal: {fileID: 289978213}
  serializedVersion: 4
  m_Component:
  - 224: {fileID: 1268160496}
  - 222: {fileID: 1268160498}
  - 114: {fileID: 1268160497}
  m_Layer: 5
  m_Name: Circle
  m_TagString: Untagged
  m_Icon: {fileID: 0}
  m_NavMeshLayer: 0
  m_StaticEditorFlags: 0
  m_IsActive: 1
--- !u!224 &1268160496
RectTransform:
  m_ObjectHideFlags: 0
  m_PrefabParentObject: {fileID: 22467662, guid: b58c19bae463ca24d82249908693d5c8,
    type: 2}
  m_PrefabInternal: {fileID: 289978213}
  m_GameObject: {fileID: 1268160495}
  m_LocalRotation: {x: 0, y: 0, z: 0.1592161, w: 0.9872438}
  m_LocalPosition: {x: 0, y: 0, z: 0}
  m_LocalScale: {x: 1, y: 1, z: 1}
  m_Children: []
  m_Father: {fileID: 1164619962}
  m_RootOrder: 11
  m_AnchorMin: {x: 0, y: 0}
  m_AnchorMax: {x: 0, y: 0}
  m_AnchoredPosition: {x: 318, y: 318}
  m_SizeDelta: {x: 621, y: 621}
  m_Pivot: {x: 0.5, y: 0.5}
--- !u!114 &1268160497
MonoBehaviour:
  m_ObjectHideFlags: 0
  m_PrefabParentObject: {fileID: 11467664, guid: b58c19bae463ca24d82249908693d5c8,
    type: 2}
  m_PrefabInternal: {fileID: 289978213}
  m_GameObject: {fileID: 1268160495}
  m_Enabled: 1
  m_EditorHideFlags: 0
  m_Script: {fileID: -765806418, guid: f5f67c52d1564df4a8936ccd202a3bd8, type: 3}
  m_Name: 
  m_EditorClassIdentifier: 
  m_Material: {fileID: 0}
  m_Color: {r: 0.96862745, g: 0.94509804, b: 0.9372549, a: 0.3019608}
  m_RaycastTarget: 1
  m_OnCullStateChanged:
    m_PersistentCalls:
      m_Calls: []
    m_TypeName: UnityEngine.UI.MaskableGraphic+CullStateChangedEvent, UnityEngine.UI,
      Version=1.0.0.0, Culture=neutral, PublicKeyToken=null
  m_Sprite: {fileID: 21300000, guid: 73ff9b0cba4d93a41b8b2f045a8d52c1, type: 3}
  m_Type: 3
  m_PreserveAspect: 0
  m_FillCenter: 1
  m_FillMethod: 4
  m_FillAmount: 0.1
  m_FillClockwise: 1
  m_FillOrigin: 0
--- !u!222 &1268160498
CanvasRenderer:
  m_ObjectHideFlags: 0
  m_PrefabParentObject: {fileID: 22267662, guid: b58c19bae463ca24d82249908693d5c8,
    type: 2}
  m_PrefabInternal: {fileID: 289978213}
  m_GameObject: {fileID: 1268160495}
--- !u!1 &1355315843
GameObject:
  m_ObjectHideFlags: 0
  m_PrefabParentObject: {fileID: 167664, guid: b58c19bae463ca24d82249908693d5c8, type: 2}
  m_PrefabInternal: {fileID: 289978213}
  serializedVersion: 4
  m_Component:
  - 224: {fileID: 1355315844}
  - 222: {fileID: 1355315846}
  - 114: {fileID: 1355315845}
  m_Layer: 5
  m_Name: Circle
  m_TagString: Untagged
  m_Icon: {fileID: 0}
  m_NavMeshLayer: 0
  m_StaticEditorFlags: 0
  m_IsActive: 1
--- !u!224 &1355315844
RectTransform:
  m_ObjectHideFlags: 0
  m_PrefabParentObject: {fileID: 22467664, guid: b58c19bae463ca24d82249908693d5c8,
    type: 2}
  m_PrefabInternal: {fileID: 289978213}
  m_GameObject: {fileID: 1355315843}
  m_LocalRotation: {x: 0, y: 0, z: 0.9998929, w: 0.014635942}
  m_LocalPosition: {x: 0, y: 0, z: 0}
  m_LocalScale: {x: 1, y: 1, z: 1}
  m_Children: []
  m_Father: {fileID: 1164619962}
  m_RootOrder: 6
  m_AnchorMin: {x: 0, y: 0}
  m_AnchorMax: {x: 0, y: 0}
  m_AnchoredPosition: {x: 318, y: 318}
  m_SizeDelta: {x: 621, y: 621}
  m_Pivot: {x: 0.5, y: 0.5}
--- !u!114 &1355315845
MonoBehaviour:
  m_ObjectHideFlags: 0
  m_PrefabParentObject: {fileID: 11467666, guid: b58c19bae463ca24d82249908693d5c8,
    type: 2}
  m_PrefabInternal: {fileID: 289978213}
  m_GameObject: {fileID: 1355315843}
  m_Enabled: 1
  m_EditorHideFlags: 0
  m_Script: {fileID: -765806418, guid: f5f67c52d1564df4a8936ccd202a3bd8, type: 3}
  m_Name: 
  m_EditorClassIdentifier: 
  m_Material: {fileID: 0}
  m_Color: {r: 0.96862745, g: 0.94509804, b: 0.9372549, a: 0.3019608}
  m_RaycastTarget: 1
  m_OnCullStateChanged:
    m_PersistentCalls:
      m_Calls: []
    m_TypeName: UnityEngine.UI.MaskableGraphic+CullStateChangedEvent, UnityEngine.UI,
      Version=1.0.0.0, Culture=neutral, PublicKeyToken=null
  m_Sprite: {fileID: 21300000, guid: 73ff9b0cba4d93a41b8b2f045a8d52c1, type: 3}
  m_Type: 3
  m_PreserveAspect: 0
  m_FillCenter: 1
  m_FillMethod: 4
  m_FillAmount: 0.1
  m_FillClockwise: 1
  m_FillOrigin: 0
--- !u!222 &1355315846
CanvasRenderer:
  m_ObjectHideFlags: 0
  m_PrefabParentObject: {fileID: 22267664, guid: b58c19bae463ca24d82249908693d5c8,
    type: 2}
  m_PrefabInternal: {fileID: 289978213}
  m_GameObject: {fileID: 1355315843}
--- !u!1 &1500371475
GameObject:
  m_ObjectHideFlags: 0
  m_PrefabParentObject: {fileID: 0}
  m_PrefabInternal: {fileID: 0}
  serializedVersion: 4
  m_Component:
  - 4: {fileID: 1500371479}
  - 114: {fileID: 1500371478}
  - 114: {fileID: 1500371477}
  - 114: {fileID: 1500371476}
  m_Layer: 0
  m_Name: EventSystem
  m_TagString: Untagged
  m_Icon: {fileID: 0}
  m_NavMeshLayer: 0
  m_StaticEditorFlags: 0
  m_IsActive: 1
--- !u!114 &1500371476
MonoBehaviour:
  m_ObjectHideFlags: 0
  m_PrefabParentObject: {fileID: 0}
  m_PrefabInternal: {fileID: 0}
  m_GameObject: {fileID: 1500371475}
  m_Enabled: 1
  m_EditorHideFlags: 0
  m_Script: {fileID: 1997211142, guid: f5f67c52d1564df4a8936ccd202a3bd8, type: 3}
  m_Name: 
  m_EditorClassIdentifier: 
  m_ForceModuleActive: 0
--- !u!114 &1500371477
MonoBehaviour:
  m_ObjectHideFlags: 0
  m_PrefabParentObject: {fileID: 0}
  m_PrefabInternal: {fileID: 0}
  m_GameObject: {fileID: 1500371475}
  m_Enabled: 1
  m_EditorHideFlags: 0
  m_Script: {fileID: 1077351063, guid: f5f67c52d1564df4a8936ccd202a3bd8, type: 3}
  m_Name: 
  m_EditorClassIdentifier: 
  m_HorizontalAxis: Horizontal
  m_VerticalAxis: Vertical
  m_SubmitButton: Submit
  m_CancelButton: Cancel
  m_InputActionsPerSecond: 10
  m_RepeatDelay: 0.5
  m_ForceModuleActive: 0
--- !u!114 &1500371478
MonoBehaviour:
  m_ObjectHideFlags: 0
  m_PrefabParentObject: {fileID: 0}
  m_PrefabInternal: {fileID: 0}
  m_GameObject: {fileID: 1500371475}
  m_Enabled: 1
  m_EditorHideFlags: 0
  m_Script: {fileID: -619905303, guid: f5f67c52d1564df4a8936ccd202a3bd8, type: 3}
  m_Name: 
  m_EditorClassIdentifier: 
  m_FirstSelected: {fileID: 0}
  m_sendNavigationEvents: 1
  m_DragThreshold: 5
--- !u!4 &1500371479
Transform:
  m_ObjectHideFlags: 0
  m_PrefabParentObject: {fileID: 0}
  m_PrefabInternal: {fileID: 0}
  m_GameObject: {fileID: 1500371475}
  m_LocalRotation: {x: 0, y: 0, z: 0, w: 1}
  m_LocalPosition: {x: 0, y: 0, z: 0}
  m_LocalScale: {x: 1, y: 1, z: 1}
  m_Children: []
  m_Father: {fileID: 0}
  m_RootOrder: 1
--- !u!1 &1511305452
GameObject:
  m_ObjectHideFlags: 0
  m_PrefabParentObject: {fileID: 0}
  m_PrefabInternal: {fileID: 0}
  serializedVersion: 4
  m_Component:
  - 4: {fileID: 1511305453}
  m_Layer: 0
  m_Name: __SET_YOUR_GAMESCREEN_TO_636x636
  m_TagString: Untagged
  m_Icon: {fileID: 0}
  m_NavMeshLayer: 0
  m_StaticEditorFlags: 0
  m_IsActive: 1
--- !u!4 &1511305453
Transform:
  m_ObjectHideFlags: 0
  m_PrefabParentObject: {fileID: 0}
  m_PrefabInternal: {fileID: 0}
  m_GameObject: {fileID: 1511305452}
  m_LocalRotation: {x: 0, y: 0, z: 0, w: 1}
  m_LocalPosition: {x: 494.995, y: 627.74, z: 0}
  m_LocalScale: {x: 1, y: 1, z: 1}
  m_Children: []
  m_Father: {fileID: 0}
  m_RootOrder: 2
--- !u!1 &1536050188
GameObject:
  m_ObjectHideFlags: 0
  m_PrefabParentObject: {fileID: 167670, guid: b58c19bae463ca24d82249908693d5c8, type: 2}
  m_PrefabInternal: {fileID: 289978213}
  serializedVersion: 4
  m_Component:
  - 224: {fileID: 1536050189}
  - 222: {fileID: 1536050191}
  - 114: {fileID: 1536050190}
  m_Layer: 5
  m_Name: Circle
  m_TagString: Untagged
  m_Icon: {fileID: 0}
  m_NavMeshLayer: 0
  m_StaticEditorFlags: 0
  m_IsActive: 1
--- !u!224 &1536050189
RectTransform:
  m_ObjectHideFlags: 0
  m_PrefabParentObject: {fileID: 22467670, guid: b58c19bae463ca24d82249908693d5c8,
    type: 2}
  m_PrefabInternal: {fileID: 289978213}
  m_GameObject: {fileID: 1536050188}
  m_LocalRotation: {x: 0, y: 0, z: 0.18804325, w: -0.98216075}
  m_LocalPosition: {x: 0, y: 0, z: 0}
  m_LocalScale: {x: 1, y: 1, z: 1}
  m_Children: []
  m_Father: {fileID: 1164619962}
  m_RootOrder: 10
  m_AnchorMin: {x: 0, y: 0}
  m_AnchorMax: {x: 0, y: 0}
  m_AnchoredPosition: {x: 318, y: 318}
  m_SizeDelta: {x: 621, y: 621}
  m_Pivot: {x: 0.5, y: 0.5}
--- !u!114 &1536050190
MonoBehaviour:
  m_ObjectHideFlags: 0
  m_PrefabParentObject: {fileID: 11467672, guid: b58c19bae463ca24d82249908693d5c8,
    type: 2}
  m_PrefabInternal: {fileID: 289978213}
  m_GameObject: {fileID: 1536050188}
  m_Enabled: 1
  m_EditorHideFlags: 0
  m_Script: {fileID: -765806418, guid: f5f67c52d1564df4a8936ccd202a3bd8, type: 3}
  m_Name: 
  m_EditorClassIdentifier: 
  m_Material: {fileID: 0}
  m_Color: {r: 0.96862745, g: 0.94509804, b: 0.9372549, a: 0.3019608}
  m_RaycastTarget: 1
  m_OnCullStateChanged:
    m_PersistentCalls:
      m_Calls: []
    m_TypeName: UnityEngine.UI.MaskableGraphic+CullStateChangedEvent, UnityEngine.UI,
      Version=1.0.0.0, Culture=neutral, PublicKeyToken=null
  m_Sprite: {fileID: 21300000, guid: 73ff9b0cba4d93a41b8b2f045a8d52c1, type: 3}
  m_Type: 3
  m_PreserveAspect: 0
  m_FillCenter: 1
  m_FillMethod: 4
  m_FillAmount: 0.1
  m_FillClockwise: 1
  m_FillOrigin: 0
--- !u!222 &1536050191
CanvasRenderer:
  m_ObjectHideFlags: 0
  m_PrefabParentObject: {fileID: 22267670, guid: b58c19bae463ca24d82249908693d5c8,
    type: 2}
  m_PrefabInternal: {fileID: 289978213}
  m_GameObject: {fileID: 1536050188}
--- !u!1 &1574418218
GameObject:
  m_ObjectHideFlags: 0
  m_PrefabParentObject: {fileID: 167648, guid: b58c19bae463ca24d82249908693d5c8, type: 2}
  m_PrefabInternal: {fileID: 289978213}
  serializedVersion: 4
  m_Component:
  - 224: {fileID: 1574418219}
  - 222: {fileID: 1574418221}
  - 114: {fileID: 1574418220}
  m_Layer: 5
  m_Name: Circle
  m_TagString: Untagged
  m_Icon: {fileID: 0}
  m_NavMeshLayer: 0
  m_StaticEditorFlags: 0
  m_IsActive: 1
--- !u!224 &1574418219
RectTransform:
  m_ObjectHideFlags: 0
  m_PrefabParentObject: {fileID: 22467648, guid: b58c19bae463ca24d82249908693d5c8,
    type: 2}
  m_PrefabInternal: {fileID: 289978213}
  m_GameObject: {fileID: 1574418218}
  m_LocalRotation: {x: 0, y: 0, z: 0.5126217, w: -0.8586146}
  m_LocalPosition: {x: 0, y: 0, z: 0}
  m_LocalScale: {x: 1, y: 1, z: 1}
  m_Children: []
  m_Father: {fileID: 1164619962}
  m_RootOrder: 9
  m_AnchorMin: {x: 0, y: 0}
  m_AnchorMax: {x: 0, y: 0}
  m_AnchoredPosition: {x: 318, y: 318}
  m_SizeDelta: {x: 621, y: 621}
  m_Pivot: {x: 0.5, y: 0.5}
--- !u!114 &1574418220
MonoBehaviour:
  m_ObjectHideFlags: 0
  m_PrefabParentObject: {fileID: 11467648, guid: b58c19bae463ca24d82249908693d5c8,
    type: 2}
  m_PrefabInternal: {fileID: 289978213}
  m_GameObject: {fileID: 1574418218}
  m_Enabled: 1
  m_EditorHideFlags: 0
  m_Script: {fileID: -765806418, guid: f5f67c52d1564df4a8936ccd202a3bd8, type: 3}
  m_Name: 
  m_EditorClassIdentifier: 
  m_Material: {fileID: 0}
  m_Color: {r: 0.96862745, g: 0.94509804, b: 0.9372549, a: 0.3019608}
  m_RaycastTarget: 1
  m_OnCullStateChanged:
    m_PersistentCalls:
      m_Calls: []
    m_TypeName: UnityEngine.UI.MaskableGraphic+CullStateChangedEvent, UnityEngine.UI,
      Version=1.0.0.0, Culture=neutral, PublicKeyToken=null
  m_Sprite: {fileID: 21300000, guid: 73ff9b0cba4d93a41b8b2f045a8d52c1, type: 3}
  m_Type: 3
  m_PreserveAspect: 0
  m_FillCenter: 1
  m_FillMethod: 4
  m_FillAmount: 0.1
  m_FillClockwise: 1
  m_FillOrigin: 0
--- !u!222 &1574418221
CanvasRenderer:
  m_ObjectHideFlags: 0
  m_PrefabParentObject: {fileID: 22267648, guid: b58c19bae463ca24d82249908693d5c8,
    type: 2}
  m_PrefabInternal: {fileID: 289978213}
  m_GameObject: {fileID: 1574418218}
--- !u!1 &1793077237
GameObject:
  m_ObjectHideFlags: 0
  m_PrefabParentObject: {fileID: 167674, guid: b58c19bae463ca24d82249908693d5c8, type: 2}
  m_PrefabInternal: {fileID: 289978213}
  serializedVersion: 4
  m_Component:
  - 224: {fileID: 1793077238}
  - 222: {fileID: 1793077240}
  - 114: {fileID: 1793077239}
  m_Layer: 5
  m_Name: Text
  m_TagString: Untagged
  m_Icon: {fileID: 0}
  m_NavMeshLayer: 0
  m_StaticEditorFlags: 0
  m_IsActive: 1
--- !u!224 &1793077238
RectTransform:
  m_ObjectHideFlags: 0
  m_PrefabParentObject: {fileID: 22467674, guid: b58c19bae463ca24d82249908693d5c8,
    type: 2}
  m_PrefabInternal: {fileID: 289978213}
  m_GameObject: {fileID: 1793077237}
  m_LocalRotation: {x: 0, y: 0, z: 0, w: 1}
  m_LocalPosition: {x: 0, y: 0, z: 0}
  m_LocalScale: {x: 1, y: 1, z: 1}
  m_Children: []
  m_Father: {fileID: 1164619962}
  m_RootOrder: 2
  m_AnchorMin: {x: 0.5, y: 0.5}
  m_AnchorMax: {x: 0.5, y: 0.5}
  m_AnchoredPosition: {x: 0, y: -37}
  m_SizeDelta: {x: 636, y: 139}
  m_Pivot: {x: 0.5, y: 0.5}
--- !u!114 &1793077239
MonoBehaviour:
  m_ObjectHideFlags: 0
  m_PrefabParentObject: {fileID: 11467676, guid: b58c19bae463ca24d82249908693d5c8,
    type: 2}
  m_PrefabInternal: {fileID: 289978213}
  m_GameObject: {fileID: 1793077237}
  m_Enabled: 1
  m_EditorHideFlags: 0
  m_Script: {fileID: 708705254, guid: f5f67c52d1564df4a8936ccd202a3bd8, type: 3}
  m_Name: 
  m_EditorClassIdentifier: 
  m_Material: {fileID: 0}
  m_Color: {r: 0.96862745, g: 0.94509804, b: 0.9372549, a: 0.8352941}
  m_RaycastTarget: 1
  m_OnCullStateChanged:
    m_PersistentCalls:
      m_Calls: []
    m_TypeName: UnityEngine.UI.MaskableGraphic+CullStateChangedEvent, UnityEngine.UI,
      Version=1.0.0.0, Culture=neutral, PublicKeyToken=null
  m_FontData:
    m_Font: {fileID: 12800000, guid: 5c425d43bb0df45ca8eb162d5154251e, type: 3}
    m_FontSize: 40
    m_FontStyle: 0
    m_BestFit: 0
    m_MinSize: 10
    m_MaxSize: 40
    m_Alignment: 4
    m_AlignByGeometry: 0
    m_RichText: 1
    m_HorizontalOverflow: 0
    m_VerticalOverflow: 0
    m_LineSpacing: 1
  m_Text: Vancouver
--- !u!222 &1793077240
CanvasRenderer:
  m_ObjectHideFlags: 0
  m_PrefabParentObject: {fileID: 22267674, guid: b58c19bae463ca24d82249908693d5c8,
    type: 2}
  m_PrefabInternal: {fileID: 289978213}
  m_GameObject: {fileID: 1793077237}
--- !u!1 &1844182959
GameObject:
  m_ObjectHideFlags: 0
  m_PrefabParentObject: {fileID: 167668, guid: b58c19bae463ca24d82249908693d5c8, type: 2}
  m_PrefabInternal: {fileID: 289978213}
  serializedVersion: 4
  m_Component:
  - 224: {fileID: 1844182960}
  - 222: {fileID: 1844182962}
  - 114: {fileID: 1844182961}
  m_Layer: 5
  m_Name: Text
  m_TagString: Untagged
  m_Icon: {fileID: 0}
  m_NavMeshLayer: 0
  m_StaticEditorFlags: 0
  m_IsActive: 1
--- !u!224 &1844182960
RectTransform:
  m_ObjectHideFlags: 0
  m_PrefabParentObject: {fileID: 22467668, guid: b58c19bae463ca24d82249908693d5c8,
    type: 2}
  m_PrefabInternal: {fileID: 289978213}
  m_GameObject: {fileID: 1844182959}
  m_LocalRotation: {x: 0, y: 0, z: 0, w: 1}
  m_LocalPosition: {x: 0, y: 0, z: 0}
  m_LocalScale: {x: 1, y: 1, z: 1}
  m_Children: []
  m_Father: {fileID: 1164619962}
  m_RootOrder: 1
  m_AnchorMin: {x: 0.5, y: 0.5}
  m_AnchorMax: {x: 0.5, y: 0.5}
  m_AnchoredPosition: {x: 0, y: 15}
  m_SizeDelta: {x: 636, y: 139}
  m_Pivot: {x: 0.5, y: 0.5}
--- !u!114 &1844182961
MonoBehaviour:
  m_ObjectHideFlags: 0
  m_PrefabParentObject: {fileID: 11467670, guid: b58c19bae463ca24d82249908693d5c8,
    type: 2}
  m_PrefabInternal: {fileID: 289978213}
  m_GameObject: {fileID: 1844182959}
  m_Enabled: 1
  m_EditorHideFlags: 0
  m_Script: {fileID: 708705254, guid: f5f67c52d1564df4a8936ccd202a3bd8, type: 3}
  m_Name: 
  m_EditorClassIdentifier: 
  m_Material: {fileID: 0}
  m_Color: {r: 0.96862745, g: 0.94509804, b: 0.9372549, a: 0.8352941}
  m_RaycastTarget: 1
  m_OnCullStateChanged:
    m_PersistentCalls:
      m_Calls: []
    m_TypeName: UnityEngine.UI.MaskableGraphic+CullStateChangedEvent, UnityEngine.UI,
      Version=1.0.0.0, Culture=neutral, PublicKeyToken=null
  m_FontData:
    m_Font: {fileID: 12800000, guid: 5c425d43bb0df45ca8eb162d5154251e, type: 3}
    m_FontSize: 80
    m_FontStyle: 0
    m_BestFit: 0
    m_MinSize: 10
    m_MaxSize: 80
    m_Alignment: 4
    m_AlignByGeometry: 0
    m_RichText: 1
    m_HorizontalOverflow: 0
    m_VerticalOverflow: 0
    m_LineSpacing: 1
  m_Text: 03:40AM
--- !u!222 &1844182962
CanvasRenderer:
  m_ObjectHideFlags: 0
  m_PrefabParentObject: {fileID: 22267668, guid: b58c19bae463ca24d82249908693d5c8,
    type: 2}
  m_PrefabInternal: {fileID: 289978213}
  m_GameObject: {fileID: 1844182959}
--- !u!1 &2035281794
GameObject:
  m_ObjectHideFlags: 0
  m_PrefabParentObject: {fileID: 167656, guid: b58c19bae463ca24d82249908693d5c8, type: 2}
  m_PrefabInternal: {fileID: 289978213}
  serializedVersion: 4
  m_Component:
  - 224: {fileID: 2035281795}
  - 222: {fileID: 2035281797}
  - 114: {fileID: 2035281796}
  m_Layer: 5
  m_Name: Circle
  m_TagString: Untagged
  m_Icon: {fileID: 0}
  m_NavMeshLayer: 0
  m_StaticEditorFlags: 0
  m_IsActive: 1
--- !u!224 &2035281795
RectTransform:
  m_ObjectHideFlags: 0
  m_PrefabParentObject: {fileID: 22467656, guid: b58c19bae463ca24d82249908693d5c8,
    type: 2}
  m_PrefabInternal: {fileID: 289978213}
  m_GameObject: {fileID: 2035281794}
  m_LocalRotation: {x: 0, y: 0, z: 0.9445978, w: -0.3282303}
  m_LocalPosition: {x: 0, y: 0, z: 0}
  m_LocalScale: {x: 1, y: 1, z: 1}
  m_Children: []
  m_Father: {fileID: 1164619962}
  m_RootOrder: 7
  m_AnchorMin: {x: 0, y: 0}
  m_AnchorMax: {x: 0, y: 0}
  m_AnchoredPosition: {x: 318, y: 318}
  m_SizeDelta: {x: 621, y: 621}
  m_Pivot: {x: 0.5, y: 0.5}
--- !u!114 &2035281796
MonoBehaviour:
  m_ObjectHideFlags: 0
  m_PrefabParentObject: {fileID: 11467658, guid: b58c19bae463ca24d82249908693d5c8,
    type: 2}
  m_PrefabInternal: {fileID: 289978213}
  m_GameObject: {fileID: 2035281794}
  m_Enabled: 1
  m_EditorHideFlags: 0
  m_Script: {fileID: -765806418, guid: f5f67c52d1564df4a8936ccd202a3bd8, type: 3}
  m_Name: 
  m_EditorClassIdentifier: 
  m_Material: {fileID: 0}
  m_Color: {r: 0.96862745, g: 0.94509804, b: 0.9372549, a: 0.61960787}
  m_RaycastTarget: 1
  m_OnCullStateChanged:
    m_PersistentCalls:
      m_Calls: []
    m_TypeName: UnityEngine.UI.MaskableGraphic+CullStateChangedEvent, UnityEngine.UI,
      Version=1.0.0.0, Culture=neutral, PublicKeyToken=null
  m_Sprite: {fileID: 21300000, guid: 73ff9b0cba4d93a41b8b2f045a8d52c1, type: 3}
  m_Type: 3
  m_PreserveAspect: 0
  m_FillCenter: 1
  m_FillMethod: 4
  m_FillAmount: 0.1
  m_FillClockwise: 1
  m_FillOrigin: 0
--- !u!222 &2035281797
CanvasRenderer:
  m_ObjectHideFlags: 0
  m_PrefabParentObject: {fileID: 22267656, guid: b58c19bae463ca24d82249908693d5c8,
    type: 2}
  m_PrefabInternal: {fileID: 289978213}
  m_GameObject: {fileID: 2035281794}
--- !u!1 &2037337657
GameObject:
  m_ObjectHideFlags: 0
  m_PrefabParentObject: {fileID: 167672, guid: b58c19bae463ca24d82249908693d5c8, type: 2}
  m_PrefabInternal: {fileID: 289978213}
  serializedVersion: 4
  m_Component:
  - 224: {fileID: 2037337658}
  - 222: {fileID: 2037337660}
  - 114: {fileID: 2037337659}
  m_Layer: 5
  m_Name: Circle
  m_TagString: Untagged
  m_Icon: {fileID: 0}
  m_NavMeshLayer: 0
  m_StaticEditorFlags: 0
  m_IsActive: 1
--- !u!224 &2037337658
RectTransform:
  m_ObjectHideFlags: 0
  m_PrefabParentObject: {fileID: 22467672, guid: b58c19bae463ca24d82249908693d5c8,
    type: 2}
  m_PrefabInternal: {fileID: 289978213}
  m_GameObject: {fileID: 2037337657}
  m_LocalRotation: {x: 0, y: 0, z: 0.48727152, w: 0.87325054}
  m_LocalPosition: {x: 0, y: 0, z: 0}
  m_LocalScale: {x: 1, y: 1, z: 1}
  m_Children: []
  m_Father: {fileID: 1164619962}
  m_RootOrder: 3
  m_AnchorMin: {x: 0, y: 0}
  m_AnchorMax: {x: 0, y: 0}
  m_AnchoredPosition: {x: 318, y: 318}
  m_SizeDelta: {x: 621, y: 621}
  m_Pivot: {x: 0.5, y: 0.5}
--- !u!114 &2037337659
MonoBehaviour:
  m_ObjectHideFlags: 0
  m_PrefabParentObject: {fileID: 11467674, guid: b58c19bae463ca24d82249908693d5c8,
    type: 2}
  m_PrefabInternal: {fileID: 289978213}
  m_GameObject: {fileID: 2037337657}
  m_Enabled: 1
  m_EditorHideFlags: 0
  m_Script: {fileID: -765806418, guid: f5f67c52d1564df4a8936ccd202a3bd8, type: 3}
  m_Name: 
  m_EditorClassIdentifier: 
  m_Material: {fileID: 0}
  m_Color: {r: 0.96862745, g: 0.94509804, b: 0.9372549, a: 0.3019608}
  m_RaycastTarget: 1
  m_OnCullStateChanged:
    m_PersistentCalls:
      m_Calls: []
    m_TypeName: UnityEngine.UI.MaskableGraphic+CullStateChangedEvent, UnityEngine.UI,
      Version=1.0.0.0, Culture=neutral, PublicKeyToken=null
  m_Sprite: {fileID: 21300000, guid: 73ff9b0cba4d93a41b8b2f045a8d52c1, type: 3}
  m_Type: 3
  m_PreserveAspect: 0
  m_FillCenter: 1
  m_FillMethod: 4
  m_FillAmount: 0.1
  m_FillClockwise: 1
  m_FillOrigin: 0
--- !u!222 &2037337660
CanvasRenderer:
  m_ObjectHideFlags: 0
  m_PrefabParentObject: {fileID: 22267672, guid: b58c19bae463ca24d82249908693d5c8,
    type: 2}
  m_PrefabInternal: {fileID: 289978213}
  m_GameObject: {fileID: 2037337657}
--- !u!1 &2145029567
GameObject:
  m_ObjectHideFlags: 0
  m_PrefabParentObject: {fileID: 167666, guid: b58c19bae463ca24d82249908693d5c8, type: 2}
  m_PrefabInternal: {fileID: 289978213}
  serializedVersion: 4
  m_Component:
  - 224: {fileID: 2145029568}
  - 222: {fileID: 2145029570}
  - 114: {fileID: 2145029569}
  m_Layer: 5
  m_Name: Circle
  m_TagString: Untagged
  m_Icon: {fileID: 0}
  m_NavMeshLayer: 0
  m_StaticEditorFlags: 0
  m_IsActive: 1
--- !u!224 &2145029568
RectTransform:
  m_ObjectHideFlags: 0
  m_PrefabParentObject: {fileID: 22467666, guid: b58c19bae463ca24d82249908693d5c8,
    type: 2}
  m_PrefabInternal: {fileID: 289978213}
  m_GameObject: {fileID: 2145029567}
  m_LocalRotation: {x: 0, y: 0, z: 0.7565544, w: 0.65393084}
  m_LocalPosition: {x: 0, y: 0, z: 0}
  m_LocalScale: {x: 1, y: 1, z: 1}
  m_Children: []
  m_Father: {fileID: 1164619962}
  m_RootOrder: 4
  m_AnchorMin: {x: 0, y: 0}
  m_AnchorMax: {x: 0, y: 0}
  m_AnchoredPosition: {x: 318, y: 318}
  m_SizeDelta: {x: 621, y: 621}
  m_Pivot: {x: 0.5, y: 0.5}
--- !u!114 &2145029569
MonoBehaviour:
  m_ObjectHideFlags: 0
  m_PrefabParentObject: {fileID: 11467668, guid: b58c19bae463ca24d82249908693d5c8,
    type: 2}
  m_PrefabInternal: {fileID: 289978213}
  m_GameObject: {fileID: 2145029567}
  m_Enabled: 1
  m_EditorHideFlags: 0
  m_Script: {fileID: -765806418, guid: f5f67c52d1564df4a8936ccd202a3bd8, type: 3}
  m_Name: 
  m_EditorClassIdentifier: 
  m_Material: {fileID: 0}
  m_Color: {r: 0.96862745, g: 0.94509804, b: 0.9372549, a: 0.3019608}
  m_RaycastTarget: 1
  m_OnCullStateChanged:
    m_PersistentCalls:
      m_Calls: []
    m_TypeName: UnityEngine.UI.MaskableGraphic+CullStateChangedEvent, UnityEngine.UI,
      Version=1.0.0.0, Culture=neutral, PublicKeyToken=null
  m_Sprite: {fileID: 21300000, guid: 73ff9b0cba4d93a41b8b2f045a8d52c1, type: 3}
  m_Type: 3
  m_PreserveAspect: 0
  m_FillCenter: 1
  m_FillMethod: 4
  m_FillAmount: 0.1
  m_FillClockwise: 1
  m_FillOrigin: 0
--- !u!222 &2145029570
CanvasRenderer:
  m_ObjectHideFlags: 0
  m_PrefabParentObject: {fileID: 22267666, guid: b58c19bae463ca24d82249908693d5c8,
    type: 2}
  m_PrefabInternal: {fileID: 289978213}
  m_GameObject: {fileID: 2145029567}
