%YAML 1.1
%TAG !u! tag:unity3d.com,2011:
--- !u!29 &1
SceneSettings:
  m_ObjectHideFlags: 0
  m_PVSData: 
  m_PVSObjectsArray: []
  m_PVSPortalsArray: []
  m_OcclusionBakeSettings:
    smallestOccluder: 5
    smallestHole: 0.25
    backfaceThreshold: 100
--- !u!104 &2
RenderSettings:
  m_ObjectHideFlags: 0
  serializedVersion: 6
  m_Fog: 0
  m_FogColor: {r: 0.5, g: 0.5, b: 0.5, a: 1}
  m_FogMode: 3
  m_FogDensity: 0.01
  m_LinearFogStart: 0
  m_LinearFogEnd: 300
  m_AmbientSkyColor: {r: 0.212, g: 0.227, b: 0.259, a: 1}
  m_AmbientEquatorColor: {r: 0.114, g: 0.125, b: 0.133, a: 1}
  m_AmbientGroundColor: {r: 0.047, g: 0.043, b: 0.035, a: 1}
  m_AmbientIntensity: 1
  m_AmbientMode: 0
  m_SkyboxMaterial: {fileID: 2100000, guid: e980bc7fbb00dc34b86b95ac842d1920, type: 2}
  m_HaloStrength: 0.5
  m_FlareStrength: 1
  m_FlareFadeSpeed: 3
  m_HaloTexture: {fileID: 0}
  m_SpotCookie: {fileID: 10001, guid: 0000000000000000e000000000000000, type: 0}
  m_DefaultReflectionMode: 0
  m_DefaultReflectionResolution: 128
  m_ReflectionBounces: 1
  m_ReflectionIntensity: 1
  m_CustomReflection: {fileID: 0}
  m_Sun: {fileID: 0}
--- !u!157 &3
LightmapSettings:
  m_ObjectHideFlags: 0
  serializedVersion: 6
  m_GIWorkflowMode: 0
  m_LightmapsMode: 1
  m_GISettings:
    serializedVersion: 2
    m_BounceScale: 1
    m_IndirectOutputScale: 1
    m_AlbedoBoost: 1
    m_TemporalCoherenceThreshold: 1
    m_EnvironmentLightingMode: 0
    m_EnableBakedLightmaps: 1
    m_EnableRealtimeLightmaps: 1
  m_LightmapEditorSettings:
    serializedVersion: 3
    m_Resolution: 2
    m_BakeResolution: 40
    m_TextureWidth: 1024
    m_TextureHeight: 1024
    m_AOMaxDistance: 1
    m_Padding: 2
    m_CompAOExponent: 0
    m_LightmapParameters: {fileID: 0}
    m_TextureCompression: 1
    m_FinalGather: 0
    m_FinalGatherRayCount: 1024
    m_ReflectionCompression: 2
  m_LightingDataAsset: {fileID: 0}
  m_RuntimeCPUUsage: 25
--- !u!196 &4
NavMeshSettings:
  serializedVersion: 2
  m_ObjectHideFlags: 0
  m_BuildSettings:
    serializedVersion: 2
    agentRadius: 0.5
    agentHeight: 2
    agentSlope: 45
    agentClimb: 0.4
    ledgeDropHeight: 0
    maxJumpAcrossDistance: 0
    accuratePlacement: 0
    minRegionArea: 2
    cellSize: 0.16666667
    manualCellSize: 0
  m_NavMeshData: {fileID: 0}
--- !u!1001 &14709596
Prefab:
  m_ObjectHideFlags: 0
  serializedVersion: 2
  m_Modification:
    m_TransformParent: {fileID: 554370724}
    m_Modifications:
    - target: {fileID: 418576, guid: 386051a539d8b9e429ccb38bbd0dfe74, type: 2}
      propertyPath: m_LocalPosition.x
      value: -1.27
      objectReference: {fileID: 0}
    - target: {fileID: 418576, guid: 386051a539d8b9e429ccb38bbd0dfe74, type: 2}
      propertyPath: m_LocalPosition.y
      value: -3.0004826
      objectReference: {fileID: 0}
    - target: {fileID: 418576, guid: 386051a539d8b9e429ccb38bbd0dfe74, type: 2}
      propertyPath: m_LocalPosition.z
      value: 2.12
      objectReference: {fileID: 0}
    - target: {fileID: 418576, guid: 386051a539d8b9e429ccb38bbd0dfe74, type: 2}
      propertyPath: m_LocalRotation.x
      value: 0
      objectReference: {fileID: 0}
    - target: {fileID: 418576, guid: 386051a539d8b9e429ccb38bbd0dfe74, type: 2}
      propertyPath: m_LocalRotation.y
      value: -0.7071068
      objectReference: {fileID: 0}
    - target: {fileID: 418576, guid: 386051a539d8b9e429ccb38bbd0dfe74, type: 2}
      propertyPath: m_LocalRotation.z
      value: 0
      objectReference: {fileID: 0}
    - target: {fileID: 418576, guid: 386051a539d8b9e429ccb38bbd0dfe74, type: 2}
      propertyPath: m_LocalRotation.w
      value: 0.7071067
      objectReference: {fileID: 0}
    - target: {fileID: 418576, guid: 386051a539d8b9e429ccb38bbd0dfe74, type: 2}
      propertyPath: m_RootOrder
      value: 4
      objectReference: {fileID: 0}
    - target: {fileID: 183938, guid: 386051a539d8b9e429ccb38bbd0dfe74, type: 2}
      propertyPath: m_Name
      value: WallTop_One (2)
      objectReference: {fileID: 0}
    m_RemovedComponents: []
  m_ParentPrefab: {fileID: 100100000, guid: 386051a539d8b9e429ccb38bbd0dfe74, type: 2}
  m_IsPrefabParent: 0
--- !u!4 &14709597 stripped
Transform:
  m_PrefabParentObject: {fileID: 418576, guid: 386051a539d8b9e429ccb38bbd0dfe74, type: 2}
  m_PrefabInternal: {fileID: 14709596}
--- !u!1001 &80783133
Prefab:
  m_ObjectHideFlags: 0
  serializedVersion: 2
  m_Modification:
    m_TransformParent: {fileID: 554370724}
    m_Modifications:
    - target: {fileID: 488864, guid: c32f29abae498b444b0fbf6253cfb09a, type: 2}
      propertyPath: m_LocalPosition.x
      value: 4.831
      objectReference: {fileID: 0}
    - target: {fileID: 488864, guid: c32f29abae498b444b0fbf6253cfb09a, type: 2}
      propertyPath: m_LocalPosition.y
      value: -0
      objectReference: {fileID: 0}
    - target: {fileID: 488864, guid: c32f29abae498b444b0fbf6253cfb09a, type: 2}
      propertyPath: m_LocalPosition.z
      value: 8.884
      objectReference: {fileID: 0}
    - target: {fileID: 488864, guid: c32f29abae498b444b0fbf6253cfb09a, type: 2}
      propertyPath: m_LocalRotation.x
      value: 0
      objectReference: {fileID: 0}
    - target: {fileID: 488864, guid: c32f29abae498b444b0fbf6253cfb09a, type: 2}
      propertyPath: m_LocalRotation.y
      value: -0.38268346
      objectReference: {fileID: 0}
    - target: {fileID: 488864, guid: c32f29abae498b444b0fbf6253cfb09a, type: 2}
      propertyPath: m_LocalRotation.z
      value: 0
      objectReference: {fileID: 0}
    - target: {fileID: 488864, guid: c32f29abae498b444b0fbf6253cfb09a, type: 2}
      propertyPath: m_LocalRotation.w
      value: 0.9238795
      objectReference: {fileID: 0}
    - target: {fileID: 488864, guid: c32f29abae498b444b0fbf6253cfb09a, type: 2}
      propertyPath: m_RootOrder
      value: 1
      objectReference: {fileID: 0}
    - target: {fileID: 186628, guid: c32f29abae498b444b0fbf6253cfb09a, type: 2}
      propertyPath: m_Name
      value: WallCorner_Two (1)
      objectReference: {fileID: 0}
    m_RemovedComponents: []
  m_ParentPrefab: {fileID: 100100000, guid: c32f29abae498b444b0fbf6253cfb09a, type: 2}
  m_IsPrefabParent: 0
--- !u!4 &80783134 stripped
Transform:
  m_PrefabParentObject: {fileID: 488864, guid: c32f29abae498b444b0fbf6253cfb09a, type: 2}
  m_PrefabInternal: {fileID: 80783133}
--- !u!1001 &88213578
Prefab:
  m_ObjectHideFlags: 0
  serializedVersion: 2
  m_Modification:
    m_TransformParent: {fileID: 0}
    m_Modifications:
    - target: {fileID: 418576, guid: 386051a539d8b9e429ccb38bbd0dfe74, type: 2}
      propertyPath: m_LocalPosition.x
      value: 12.94
      objectReference: {fileID: 0}
    - target: {fileID: 418576, guid: 386051a539d8b9e429ccb38bbd0dfe74, type: 2}
      propertyPath: m_LocalPosition.y
      value: -2.783
      objectReference: {fileID: 0}
    - target: {fileID: 418576, guid: 386051a539d8b9e429ccb38bbd0dfe74, type: 2}
      propertyPath: m_LocalPosition.z
      value: 14.586
      objectReference: {fileID: 0}
    - target: {fileID: 418576, guid: 386051a539d8b9e429ccb38bbd0dfe74, type: 2}
      propertyPath: m_LocalRotation.x
      value: 0
      objectReference: {fileID: 0}
    - target: {fileID: 418576, guid: 386051a539d8b9e429ccb38bbd0dfe74, type: 2}
      propertyPath: m_LocalRotation.y
      value: -0.7071068
      objectReference: {fileID: 0}
    - target: {fileID: 418576, guid: 386051a539d8b9e429ccb38bbd0dfe74, type: 2}
      propertyPath: m_LocalRotation.z
      value: 0
      objectReference: {fileID: 0}
    - target: {fileID: 418576, guid: 386051a539d8b9e429ccb38bbd0dfe74, type: 2}
      propertyPath: m_LocalRotation.w
      value: 0.7071067
      objectReference: {fileID: 0}
    - target: {fileID: 418576, guid: 386051a539d8b9e429ccb38bbd0dfe74, type: 2}
      propertyPath: m_RootOrder
      value: 9
      objectReference: {fileID: 0}
    - target: {fileID: 183938, guid: 386051a539d8b9e429ccb38bbd0dfe74, type: 2}
      propertyPath: m_Name
      value: WallTop_One (3)
      objectReference: {fileID: 0}
    m_RemovedComponents: []
  m_ParentPrefab: {fileID: 100100000, guid: 386051a539d8b9e429ccb38bbd0dfe74, type: 2}
  m_IsPrefabParent: 0
--- !u!1001 &112976210
Prefab:
  m_ObjectHideFlags: 0
  serializedVersion: 2
  m_Modification:
    m_TransformParent: {fileID: 554370724}
    m_Modifications:
    - target: {fileID: 488864, guid: c32f29abae498b444b0fbf6253cfb09a, type: 2}
      propertyPath: m_LocalPosition.x
      value: -1.273489
      objectReference: {fileID: 0}
    - target: {fileID: 488864, guid: c32f29abae498b444b0fbf6253cfb09a, type: 2}
      propertyPath: m_LocalPosition.y
      value: 0
      objectReference: {fileID: 0}
    - target: {fileID: 488864, guid: c32f29abae498b444b0fbf6253cfb09a, type: 2}
      propertyPath: m_LocalPosition.z
      value: 0.048068047
      objectReference: {fileID: 0}
    - target: {fileID: 488864, guid: c32f29abae498b444b0fbf6253cfb09a, type: 2}
      propertyPath: m_LocalRotation.x
      value: 0
      objectReference: {fileID: 0}
    - target: {fileID: 488864, guid: c32f29abae498b444b0fbf6253cfb09a, type: 2}
      propertyPath: m_LocalRotation.y
      value: 0
      objectReference: {fileID: 0}
    - target: {fileID: 488864, guid: c32f29abae498b444b0fbf6253cfb09a, type: 2}
      propertyPath: m_LocalRotation.z
      value: 0
      objectReference: {fileID: 0}
    - target: {fileID: 488864, guid: c32f29abae498b444b0fbf6253cfb09a, type: 2}
      propertyPath: m_LocalRotation.w
      value: 1
      objectReference: {fileID: 0}
    - target: {fileID: 488864, guid: c32f29abae498b444b0fbf6253cfb09a, type: 2}
      propertyPath: m_RootOrder
      value: 0
      objectReference: {fileID: 0}
    m_RemovedComponents: []
  m_ParentPrefab: {fileID: 100100000, guid: c32f29abae498b444b0fbf6253cfb09a, type: 2}
  m_IsPrefabParent: 0
--- !u!4 &112976211 stripped
Transform:
  m_PrefabParentObject: {fileID: 488864, guid: c32f29abae498b444b0fbf6253cfb09a, type: 2}
  m_PrefabInternal: {fileID: 112976210}
--- !u!1 &136143575
GameObject:
  m_ObjectHideFlags: 0
  m_PrefabParentObject: {fileID: 0}
  m_PrefabInternal: {fileID: 0}
  serializedVersion: 4
  m_Component:
  - 4: {fileID: 136143577}
  - 108: {fileID: 136143576}
  m_Layer: 0
  m_Name: Directional Light
  m_TagString: Untagged
  m_Icon: {fileID: 0}
  m_NavMeshLayer: 0
  m_StaticEditorFlags: 0
  m_IsActive: 0
--- !u!108 &136143576
Light:
  m_ObjectHideFlags: 0
  m_PrefabParentObject: {fileID: 0}
  m_PrefabInternal: {fileID: 0}
  m_GameObject: {fileID: 136143575}
  m_Enabled: 1
  serializedVersion: 6
  m_Type: 1
  m_Color: {r: 1, g: 0.95686275, b: 0.8392157, a: 1}
  m_Intensity: 1
  m_Range: 10
  m_SpotAngle: 30
  m_CookieSize: 10
  m_Shadows:
    m_Type: 2
    m_Resolution: -1
    m_Strength: 1
    m_Bias: 0.05
    m_NormalBias: 0.4
    m_NearPlane: 0.2
  m_Cookie: {fileID: 0}
  m_DrawHalo: 0
  m_Flare: {fileID: 0}
  m_RenderMode: 0
  m_CullingMask:
    serializedVersion: 2
    m_Bits: 4294967295
  m_Lightmapping: 4
  m_BounceIntensity: 1
  m_ShadowRadius: 0
  m_ShadowAngle: 0
  m_AreaSize: {x: 1, y: 1}
--- !u!4 &136143577
Transform:
  m_ObjectHideFlags: 0
  m_PrefabParentObject: {fileID: 0}
  m_PrefabInternal: {fileID: 0}
  m_GameObject: {fileID: 136143575}
  m_LocalRotation: {x: 0.40821794, y: -0.23456973, z: 0.109381676, w: 0.87542605}
  m_LocalPosition: {x: 0, y: 3, z: 0}
  m_LocalScale: {x: 1, y: 1, z: 1}
  m_Children: []
  m_Father: {fileID: 0}
  m_RootOrder: 7
--- !u!1001 &361951082
Prefab:
  m_ObjectHideFlags: 0
  serializedVersion: 2
  m_Modification:
    m_TransformParent: {fileID: 554370724}
    m_Modifications:
    - target: {fileID: 400000, guid: dca0cc802061ec14e8d1953bf7aab52f, type: 3}
      propertyPath: m_LocalPosition.x
      value: 4.6165113
      objectReference: {fileID: 0}
    - target: {fileID: 400000, guid: dca0cc802061ec14e8d1953bf7aab52f, type: 3}
      propertyPath: m_LocalPosition.y
      value: 0.022517428
      objectReference: {fileID: 0}
    - target: {fileID: 400000, guid: dca0cc802061ec14e8d1953bf7aab52f, type: 3}
      propertyPath: m_LocalPosition.z
      value: 7.458068
      objectReference: {fileID: 0}
    - target: {fileID: 400000, guid: dca0cc802061ec14e8d1953bf7aab52f, type: 3}
      propertyPath: m_LocalRotation.x
      value: 0
      objectReference: {fileID: 0}
    - target: {fileID: 400000, guid: dca0cc802061ec14e8d1953bf7aab52f, type: 3}
      propertyPath: m_LocalRotation.y
      value: 0
      objectReference: {fileID: 0}
    - target: {fileID: 400000, guid: dca0cc802061ec14e8d1953bf7aab52f, type: 3}
      propertyPath: m_LocalRotation.z
      value: 0
      objectReference: {fileID: 0}
    - target: {fileID: 400000, guid: dca0cc802061ec14e8d1953bf7aab52f, type: 3}
      propertyPath: m_LocalRotation.w
      value: 1
      objectReference: {fileID: 0}
    - target: {fileID: 400000, guid: dca0cc802061ec14e8d1953bf7aab52f, type: 3}
      propertyPath: m_RootOrder
      value: 5
      objectReference: {fileID: 0}
    - target: {fileID: 100000, guid: dca0cc802061ec14e8d1953bf7aab52f, type: 3}
      propertyPath: m_Name
      value: FloorTile_Four (1)
      objectReference: {fileID: 0}
    m_RemovedComponents: []
  m_ParentPrefab: {fileID: 100100000, guid: dca0cc802061ec14e8d1953bf7aab52f, type: 3}
  m_IsPrefabParent: 0
--- !u!4 &361951083 stripped
Transform:
  m_PrefabParentObject: {fileID: 400000, guid: dca0cc802061ec14e8d1953bf7aab52f, type: 3}
  m_PrefabInternal: {fileID: 361951082}
--- !u!1 &385018596
GameObject:
  m_ObjectHideFlags: 0
  m_PrefabParentObject: {fileID: 0}
  m_PrefabInternal: {fileID: 0}
  serializedVersion: 4
  m_Component:
  - 4: {fileID: 385018600}
  - 33: {fileID: 385018599}
  - 64: {fileID: 385018598}
  - 23: {fileID: 385018597}
  m_Layer: 0
  m_Name: picture
  m_TagString: Untagged
  m_Icon: {fileID: 0}
  m_NavMeshLayer: 0
  m_StaticEditorFlags: 0
  m_IsActive: 1
--- !u!23 &385018597
MeshRenderer:
  m_ObjectHideFlags: 0
  m_PrefabParentObject: {fileID: 0}
  m_PrefabInternal: {fileID: 0}
  m_GameObject: {fileID: 385018596}
  m_Enabled: 1
  m_CastShadows: 1
  m_ReceiveShadows: 1
  m_Materials:
  - {fileID: 2100000, guid: 809f930745a6b9c438bc0864616e73c5, type: 2}
  m_SubsetIndices: 
  m_StaticBatchRoot: {fileID: 0}
  m_UseLightProbes: 1
  m_ReflectionProbeUsage: 1
  m_ProbeAnchor: {fileID: 0}
  m_ScaleInLightmap: 1
  m_PreserveUVs: 1
  m_IgnoreNormalsForChartDetection: 0
  m_ImportantGI: 0
  m_MinimumChartSize: 4
  m_AutoUVMaxDistance: 0.5
  m_AutoUVMaxAngle: 89
  m_LightmapParameters: {fileID: 0}
  m_SortingLayerID: 0
  m_SortingOrder: 0
--- !u!64 &385018598
MeshCollider:
  m_ObjectHideFlags: 0
  m_PrefabParentObject: {fileID: 0}
  m_PrefabInternal: {fileID: 0}
  m_GameObject: {fileID: 385018596}
  m_Material: {fileID: 0}
  m_IsTrigger: 0
  m_Enabled: 1
  serializedVersion: 2
  m_Convex: 0
  m_Mesh: {fileID: 10209, guid: 0000000000000000e000000000000000, type: 0}
--- !u!33 &385018599
MeshFilter:
  m_ObjectHideFlags: 0
  m_PrefabParentObject: {fileID: 0}
  m_PrefabInternal: {fileID: 0}
  m_GameObject: {fileID: 385018596}
  m_Mesh: {fileID: 10209, guid: 0000000000000000e000000000000000, type: 0}
--- !u!4 &385018600
Transform:
  m_ObjectHideFlags: 0
  m_PrefabParentObject: {fileID: 0}
  m_PrefabInternal: {fileID: 0}
  m_GameObject: {fileID: 385018596}
  m_LocalRotation: {x: 0, y: 0, z: 0, w: 1}
  m_LocalPosition: {x: 0, y: -0.5, z: 1.5}
  m_LocalScale: {x: 7, y: 1, z: 4.6779943}
  m_Children: []
  m_Father: {fileID: 0}
  m_RootOrder: 10
--- !u!1001 &498133827
Prefab:
  m_ObjectHideFlags: 0
  serializedVersion: 2
  m_Modification:
    m_TransformParent: {fileID: 554370724}
    m_Modifications:
    - target: {fileID: 418576, guid: 386051a539d8b9e429ccb38bbd0dfe74, type: 2}
      propertyPath: m_LocalPosition.x
      value: 0.588
      objectReference: {fileID: 0}
    - target: {fileID: 418576, guid: 386051a539d8b9e429ccb38bbd0dfe74, type: 2}
      propertyPath: m_LocalPosition.y
      value: -3
      objectReference: {fileID: 0}
    - target: {fileID: 418576, guid: 386051a539d8b9e429ccb38bbd0dfe74, type: 2}
      propertyPath: m_LocalPosition.z
      value: 4.642
      objectReference: {fileID: 0}
    - target: {fileID: 418576, guid: 386051a539d8b9e429ccb38bbd0dfe74, type: 2}
      propertyPath: m_LocalRotation.x
      value: 0
      objectReference: {fileID: 0}
    - target: {fileID: 418576, guid: 386051a539d8b9e429ccb38bbd0dfe74, type: 2}
      propertyPath: m_LocalRotation.y
      value: -0.38268346
      objectReference: {fileID: 0}
    - target: {fileID: 418576, guid: 386051a539d8b9e429ccb38bbd0dfe74, type: 2}
      propertyPath: m_LocalRotation.z
      value: 0
      objectReference: {fileID: 0}
    - target: {fileID: 418576, guid: 386051a539d8b9e429ccb38bbd0dfe74, type: 2}
      propertyPath: m_LocalRotation.w
      value: 0.9238795
      objectReference: {fileID: 0}
    - target: {fileID: 418576, guid: 386051a539d8b9e429ccb38bbd0dfe74, type: 2}
      propertyPath: m_RootOrder
      value: 3
      objectReference: {fileID: 0}
    - target: {fileID: 183938, guid: 386051a539d8b9e429ccb38bbd0dfe74, type: 2}
      propertyPath: m_Name
      value: WallTop_One (1)
      objectReference: {fileID: 0}
    m_RemovedComponents: []
  m_ParentPrefab: {fileID: 100100000, guid: 386051a539d8b9e429ccb38bbd0dfe74, type: 2}
  m_IsPrefabParent: 0
--- !u!4 &498133828 stripped
Transform:
  m_PrefabParentObject: {fileID: 418576, guid: 386051a539d8b9e429ccb38bbd0dfe74, type: 2}
  m_PrefabInternal: {fileID: 498133827}
--- !u!1001 &514260924
Prefab:
  m_ObjectHideFlags: 0
  serializedVersion: 2
  m_Modification:
    m_TransformParent: {fileID: 0}
    m_Modifications:
    - target: {fileID: 496904, guid: 3ebe8f7ec2ec1dd41b8adbfacab9b1c7, type: 2}
      propertyPath: m_LocalPosition.x
      value: 12.46
      objectReference: {fileID: 0}
    - target: {fileID: 496904, guid: 3ebe8f7ec2ec1dd41b8adbfacab9b1c7, type: 2}
      propertyPath: m_LocalPosition.y
      value: 0.24485397
      objectReference: {fileID: 0}
    - target: {fileID: 496904, guid: 3ebe8f7ec2ec1dd41b8adbfacab9b1c7, type: 2}
      propertyPath: m_LocalPosition.z
      value: 13.29
      objectReference: {fileID: 0}
    - target: {fileID: 496904, guid: 3ebe8f7ec2ec1dd41b8adbfacab9b1c7, type: 2}
      propertyPath: m_LocalRotation.x
      value: 0
      objectReference: {fileID: 0}
    - target: {fileID: 496904, guid: 3ebe8f7ec2ec1dd41b8adbfacab9b1c7, type: 2}
      propertyPath: m_LocalRotation.y
      value: 0.5219287
      objectReference: {fileID: 0}
    - target: {fileID: 496904, guid: 3ebe8f7ec2ec1dd41b8adbfacab9b1c7, type: 2}
      propertyPath: m_LocalRotation.z
      value: 0
      objectReference: {fileID: 0}
    - target: {fileID: 496904, guid: 3ebe8f7ec2ec1dd41b8adbfacab9b1c7, type: 2}
      propertyPath: m_LocalRotation.w
      value: 0.8529891
      objectReference: {fileID: 0}
    - target: {fileID: 496904, guid: 3ebe8f7ec2ec1dd41b8adbfacab9b1c7, type: 2}
      propertyPath: m_RootOrder
      value: 2
      objectReference: {fileID: 0}
    m_RemovedComponents: []
  m_ParentPrefab: {fileID: 100100000, guid: 3ebe8f7ec2ec1dd41b8adbfacab9b1c7, type: 2}
  m_IsPrefabParent: 0
--- !u!1001 &517711334
Prefab:
  m_ObjectHideFlags: 0
  serializedVersion: 2
  m_Modification:
    m_TransformParent: {fileID: 0}
    m_Modifications:
    - target: {fileID: 424436, guid: a2a5891fb4c888240883e0a9cdb85a4d, type: 2}
      propertyPath: m_LocalPosition.x
      value: 11.233
      objectReference: {fileID: 0}
    - target: {fileID: 424436, guid: a2a5891fb4c888240883e0a9cdb85a4d, type: 2}
      propertyPath: m_LocalPosition.y
      value: -2.783
      objectReference: {fileID: 0}
    - target: {fileID: 424436, guid: a2a5891fb4c888240883e0a9cdb85a4d, type: 2}
      propertyPath: m_LocalPosition.z
      value: 11.465
      objectReference: {fileID: 0}
    - target: {fileID: 424436, guid: a2a5891fb4c888240883e0a9cdb85a4d, type: 2}
      propertyPath: m_LocalRotation.x
      value: 0
      objectReference: {fileID: 0}
    - target: {fileID: 424436, guid: a2a5891fb4c888240883e0a9cdb85a4d, type: 2}
      propertyPath: m_LocalRotation.y
      value: -0.38268346
      objectReference: {fileID: 0}
    - target: {fileID: 424436, guid: a2a5891fb4c888240883e0a9cdb85a4d, type: 2}
      propertyPath: m_LocalRotation.z
      value: 0
      objectReference: {fileID: 0}
    - target: {fileID: 424436, guid: a2a5891fb4c888240883e0a9cdb85a4d, type: 2}
      propertyPath: m_LocalRotation.w
      value: 0.9238795
      objectReference: {fileID: 0}
    - target: {fileID: 424436, guid: a2a5891fb4c888240883e0a9cdb85a4d, type: 2}
      propertyPath: m_RootOrder
      value: 6
      objectReference: {fileID: 0}
    m_RemovedComponents: []
  m_ParentPrefab: {fileID: 100100000, guid: a2a5891fb4c888240883e0a9cdb85a4d, type: 2}
  m_IsPrefabParent: 0
--- !u!1001 &523370834
Prefab:
  m_ObjectHideFlags: 0
  serializedVersion: 2
  m_Modification:
    m_TransformParent: {fileID: 0}
    m_Modifications:
    - target: {fileID: 418576, guid: 386051a539d8b9e429ccb38bbd0dfe74, type: 2}
      propertyPath: m_LocalPosition.x
      value: 7.697
      objectReference: {fileID: 0}
    - target: {fileID: 418576, guid: 386051a539d8b9e429ccb38bbd0dfe74, type: 2}
      propertyPath: m_LocalPosition.y
      value: -2.783
      objectReference: {fileID: 0}
    - target: {fileID: 418576, guid: 386051a539d8b9e429ccb38bbd0dfe74, type: 2}
      propertyPath: m_LocalPosition.z
      value: 7.93
      objectReference: {fileID: 0}
    - target: {fileID: 418576, guid: 386051a539d8b9e429ccb38bbd0dfe74, type: 2}
      propertyPath: m_LocalRotation.x
      value: 0
      objectReference: {fileID: 0}
    - target: {fileID: 418576, guid: 386051a539d8b9e429ccb38bbd0dfe74, type: 2}
      propertyPath: m_LocalRotation.y
      value: -0.38268346
      objectReference: {fileID: 0}
    - target: {fileID: 418576, guid: 386051a539d8b9e429ccb38bbd0dfe74, type: 2}
      propertyPath: m_LocalRotation.z
      value: 0
      objectReference: {fileID: 0}
    - target: {fileID: 418576, guid: 386051a539d8b9e429ccb38bbd0dfe74, type: 2}
      propertyPath: m_LocalRotation.w
      value: 0.9238795
      objectReference: {fileID: 0}
    - target: {fileID: 418576, guid: 386051a539d8b9e429ccb38bbd0dfe74, type: 2}
      propertyPath: m_RootOrder
      value: 2
      objectReference: {fileID: 0}
    m_RemovedComponents: []
  m_ParentPrefab: {fileID: 100100000, guid: 386051a539d8b9e429ccb38bbd0dfe74, type: 2}
  m_IsPrefabParent: 0
--- !u!1 &554370723
GameObject:
  m_ObjectHideFlags: 0
  m_PrefabParentObject: {fileID: 0}
  m_PrefabInternal: {fileID: 0}
  serializedVersion: 4
  m_Component:
  - 4: {fileID: 554370724}
  m_Layer: 0
  m_Name: Brigde
  m_TagString: Untagged
  m_Icon: {fileID: 0}
  m_NavMeshLayer: 0
  m_StaticEditorFlags: 0
  m_IsActive: 1
--- !u!4 &554370724
Transform:
  m_ObjectHideFlags: 0
  m_PrefabParentObject: {fileID: 0}
  m_PrefabInternal: {fileID: 0}
  m_GameObject: {fileID: 554370723}
  m_LocalRotation: {x: 0, y: 0, z: 0, w: 1}
  m_LocalPosition: {x: 8.523489, y: 0.21748257, z: 4.701932}
  m_LocalScale: {x: 1, y: 1, z: 1}
  m_Children:
  - {fileID: 112976211}
  - {fileID: 80783134}
  - {fileID: 1532259669}
  - {fileID: 498133828}
  - {fileID: 14709597}
  - {fileID: 361951083}
  - {fileID: 1137395295}
  - {fileID: 644314439}
  - {fileID: 1365807614}
  - {fileID: 868001396}
  - {fileID: 607665723}
  - {fileID: 927467025}
  - {fileID: 764016639}
  - {fileID: 1604917074}
  - {fileID: 1250635039}
  - {fileID: 762212655}
  - {fileID: 1411992343}
  - {fileID: 1502781230}
  - {fileID: 1893782931}
  m_Father: {fileID: 0}
  m_RootOrder: 11
--- !u!1001 &607665722
Prefab:
  m_ObjectHideFlags: 0
  serializedVersion: 2
  m_Modification:
    m_TransformParent: {fileID: 554370724}
    m_Modifications:
    - target: {fileID: 400000, guid: dca0cc802061ec14e8d1953bf7aab52f, type: 3}
      propertyPath: m_LocalPosition.x
      value: 4.6165113
      objectReference: {fileID: 0}
    - target: {fileID: 400000, guid: dca0cc802061ec14e8d1953bf7aab52f, type: 3}
      propertyPath: m_LocalPosition.y
      value: 0.022517428
      objectReference: {fileID: 0}
    - target: {fileID: 400000, guid: dca0cc802061ec14e8d1953bf7aab52f, type: 3}
      propertyPath: m_LocalPosition.z
      value: 5.458068
      objectReference: {fileID: 0}
    - target: {fileID: 400000, guid: dca0cc802061ec14e8d1953bf7aab52f, type: 3}
      propertyPath: m_LocalRotation.x
      value: 0
      objectReference: {fileID: 0}
    - target: {fileID: 400000, guid: dca0cc802061ec14e8d1953bf7aab52f, type: 3}
      propertyPath: m_LocalRotation.y
      value: 0
      objectReference: {fileID: 0}
    - target: {fileID: 400000, guid: dca0cc802061ec14e8d1953bf7aab52f, type: 3}
      propertyPath: m_LocalRotation.z
      value: 0
      objectReference: {fileID: 0}
    - target: {fileID: 400000, guid: dca0cc802061ec14e8d1953bf7aab52f, type: 3}
      propertyPath: m_LocalRotation.w
      value: 1
      objectReference: {fileID: 0}
    - target: {fileID: 400000, guid: dca0cc802061ec14e8d1953bf7aab52f, type: 3}
      propertyPath: m_RootOrder
      value: 10
      objectReference: {fileID: 0}
    - target: {fileID: 100000, guid: dca0cc802061ec14e8d1953bf7aab52f, type: 3}
      propertyPath: m_Name
      value: FloorTile_Four (5)
      objectReference: {fileID: 0}
    m_RemovedComponents: []
  m_ParentPrefab: {fileID: 100100000, guid: dca0cc802061ec14e8d1953bf7aab52f, type: 3}
  m_IsPrefabParent: 0
--- !u!4 &607665723 stripped
Transform:
  m_PrefabParentObject: {fileID: 400000, guid: dca0cc802061ec14e8d1953bf7aab52f, type: 3}
  m_PrefabInternal: {fileID: 607665722}
--- !u!1001 &644314438
Prefab:
  m_ObjectHideFlags: 0
  serializedVersion: 2
  m_Modification:
    m_TransformParent: {fileID: 554370724}
    m_Modifications:
    - target: {fileID: 496904, guid: 3ebe8f7ec2ec1dd41b8adbfacab9b1c7, type: 2}
      propertyPath: m_LocalPosition.x
      value: 3.6765108
      objectReference: {fileID: 0}
    - target: {fileID: 496904, guid: 3ebe8f7ec2ec1dd41b8adbfacab9b1c7, type: 2}
      propertyPath: m_LocalPosition.y
      value: 0.027371407
      objectReference: {fileID: 0}
    - target: {fileID: 496904, guid: 3ebe8f7ec2ec1dd41b8adbfacab9b1c7, type: 2}
      propertyPath: m_LocalPosition.z
      value: 8.168068
      objectReference: {fileID: 0}
    - target: {fileID: 496904, guid: 3ebe8f7ec2ec1dd41b8adbfacab9b1c7, type: 2}
      propertyPath: m_LocalRotation.x
      value: 0
      objectReference: {fileID: 0}
    - target: {fileID: 496904, guid: 3ebe8f7ec2ec1dd41b8adbfacab9b1c7, type: 2}
      propertyPath: m_LocalRotation.y
      value: 0.7737723
      objectReference: {fileID: 0}
    - target: {fileID: 496904, guid: 3ebe8f7ec2ec1dd41b8adbfacab9b1c7, type: 2}
      propertyPath: m_LocalRotation.z
      value: 0
      objectReference: {fileID: 0}
    - target: {fileID: 496904, guid: 3ebe8f7ec2ec1dd41b8adbfacab9b1c7, type: 2}
      propertyPath: m_LocalRotation.w
      value: 0.6334639
      objectReference: {fileID: 0}
    - target: {fileID: 496904, guid: 3ebe8f7ec2ec1dd41b8adbfacab9b1c7, type: 2}
      propertyPath: m_RootOrder
      value: 7
      objectReference: {fileID: 0}
    - target: {fileID: 140378, guid: 3ebe8f7ec2ec1dd41b8adbfacab9b1c7, type: 2}
      propertyPath: m_Name
      value: Barrel_Two (2)
      objectReference: {fileID: 0}
    m_RemovedComponents: []
  m_ParentPrefab: {fileID: 100100000, guid: 3ebe8f7ec2ec1dd41b8adbfacab9b1c7, type: 2}
  m_IsPrefabParent: 0
--- !u!4 &644314439 stripped
Transform:
  m_PrefabParentObject: {fileID: 496904, guid: 3ebe8f7ec2ec1dd41b8adbfacab9b1c7, type: 2}
  m_PrefabInternal: {fileID: 644314438}
--- !u!1 &762212654
GameObject:
  m_ObjectHideFlags: 0
  m_PrefabParentObject: {fileID: 0}
  m_PrefabInternal: {fileID: 0}
  serializedVersion: 4
  m_Component:
  - 4: {fileID: 762212655}
  - 108: {fileID: 762212656}
  m_Layer: 0
  m_Name: Point light
  m_TagString: Untagged
  m_Icon: {fileID: 0}
  m_NavMeshLayer: 0
  m_StaticEditorFlags: 0
  m_IsActive: 1
--- !u!4 &762212655
Transform:
  m_ObjectHideFlags: 0
  m_PrefabParentObject: {fileID: 0}
  m_PrefabInternal: {fileID: 0}
  m_GameObject: {fileID: 762212654}
  m_LocalRotation: {x: 0, y: 0, z: 0, w: 1}
  m_LocalPosition: {x: 0.65, y: 1.53, z: 4.08}
  m_LocalScale: {x: 1, y: 1, z: 1}
  m_Children: []
  m_Father: {fileID: 554370724}
  m_RootOrder: 15
--- !u!108 &762212656
Light:
  m_ObjectHideFlags: 0
  m_PrefabParentObject: {fileID: 0}
  m_PrefabInternal: {fileID: 0}
  m_GameObject: {fileID: 762212654}
  m_Enabled: 1
  serializedVersion: 6
  m_Type: 2
  m_Color: {r: 1, g: 1, b: 1, a: 1}
  m_Intensity: 1
  m_Range: 10
  m_SpotAngle: 30
  m_CookieSize: 10
  m_Shadows:
    m_Type: 0
    m_Resolution: -1
    m_Strength: 1
    m_Bias: 0.05
    m_NormalBias: 0.4
    m_NearPlane: 0.2
  m_Cookie: {fileID: 0}
  m_DrawHalo: 0
  m_Flare: {fileID: 0}
  m_RenderMode: 0
  m_CullingMask:
    serializedVersion: 2
    m_Bits: 4294967295
  m_Lightmapping: 4
  m_BounceIntensity: 1
  m_ShadowRadius: 0
  m_ShadowAngle: 0
  m_AreaSize: {x: 1, y: 1}
--- !u!1001 &764016638
Prefab:
  m_ObjectHideFlags: 0
  serializedVersion: 2
  m_Modification:
    m_TransformParent: {fileID: 554370724}
    m_Modifications:
    - target: {fileID: 400000, guid: dca0cc802061ec14e8d1953bf7aab52f, type: 3}
      propertyPath: m_LocalPosition.x
      value: 0.61651134
      objectReference: {fileID: 0}
    - target: {fileID: 400000, guid: dca0cc802061ec14e8d1953bf7aab52f, type: 3}
      propertyPath: m_LocalPosition.y
      value: 0.022517428
      objectReference: {fileID: 0}
    - target: {fileID: 400000, guid: dca0cc802061ec14e8d1953bf7aab52f, type: 3}
      propertyPath: m_LocalPosition.z
      value: 5.458068
      objectReference: {fileID: 0}
    - target: {fileID: 400000, guid: dca0cc802061ec14e8d1953bf7aab52f, type: 3}
      propertyPath: m_LocalRotation.x
      value: 0
      objectReference: {fileID: 0}
    - target: {fileID: 400000, guid: dca0cc802061ec14e8d1953bf7aab52f, type: 3}
      propertyPath: m_LocalRotation.y
      value: 0
      objectReference: {fileID: 0}
    - target: {fileID: 400000, guid: dca0cc802061ec14e8d1953bf7aab52f, type: 3}
      propertyPath: m_LocalRotation.z
      value: 0
      objectReference: {fileID: 0}
    - target: {fileID: 400000, guid: dca0cc802061ec14e8d1953bf7aab52f, type: 3}
      propertyPath: m_LocalRotation.w
      value: 1
      objectReference: {fileID: 0}
    - target: {fileID: 400000, guid: dca0cc802061ec14e8d1953bf7aab52f, type: 3}
      propertyPath: m_RootOrder
      value: 12
      objectReference: {fileID: 0}
    - target: {fileID: 100000, guid: dca0cc802061ec14e8d1953bf7aab52f, type: 3}
      propertyPath: m_Name
      value: FloorTile_Four (7)
      objectReference: {fileID: 0}
    m_RemovedComponents: []
  m_ParentPrefab: {fileID: 100100000, guid: dca0cc802061ec14e8d1953bf7aab52f, type: 3}
  m_IsPrefabParent: 0
--- !u!4 &764016639 stripped
Transform:
  m_PrefabParentObject: {fileID: 400000, guid: dca0cc802061ec14e8d1953bf7aab52f, type: 3}
  m_PrefabInternal: {fileID: 764016638}
--- !u!1001 &868001395
Prefab:
  m_ObjectHideFlags: 0
  serializedVersion: 2
  m_Modification:
    m_TransformParent: {fileID: 554370724}
    m_Modifications:
    - target: {fileID: 400000, guid: dca0cc802061ec14e8d1953bf7aab52f, type: 3}
      propertyPath: m_LocalPosition.x
      value: 4.6165113
      objectReference: {fileID: 0}
    - target: {fileID: 400000, guid: dca0cc802061ec14e8d1953bf7aab52f, type: 3}
      propertyPath: m_LocalPosition.y
      value: 0.022517428
      objectReference: {fileID: 0}
    - target: {fileID: 400000, guid: dca0cc802061ec14e8d1953bf7aab52f, type: 3}
      propertyPath: m_LocalPosition.z
      value: 3.458068
      objectReference: {fileID: 0}
    - target: {fileID: 400000, guid: dca0cc802061ec14e8d1953bf7aab52f, type: 3}
      propertyPath: m_LocalRotation.x
      value: 0
      objectReference: {fileID: 0}
    - target: {fileID: 400000, guid: dca0cc802061ec14e8d1953bf7aab52f, type: 3}
      propertyPath: m_LocalRotation.y
      value: 0
      objectReference: {fileID: 0}
    - target: {fileID: 400000, guid: dca0cc802061ec14e8d1953bf7aab52f, type: 3}
      propertyPath: m_LocalRotation.z
      value: 0
      objectReference: {fileID: 0}
    - target: {fileID: 400000, guid: dca0cc802061ec14e8d1953bf7aab52f, type: 3}
      propertyPath: m_LocalRotation.w
      value: 1
      objectReference: {fileID: 0}
    - target: {fileID: 400000, guid: dca0cc802061ec14e8d1953bf7aab52f, type: 3}
      propertyPath: m_RootOrder
      value: 9
      objectReference: {fileID: 0}
    - target: {fileID: 100000, guid: dca0cc802061ec14e8d1953bf7aab52f, type: 3}
      propertyPath: m_Name
      value: FloorTile_Four (4)
      objectReference: {fileID: 0}
    m_RemovedComponents: []
  m_ParentPrefab: {fileID: 100100000, guid: dca0cc802061ec14e8d1953bf7aab52f, type: 3}
  m_IsPrefabParent: 0
--- !u!4 &868001396 stripped
Transform:
  m_PrefabParentObject: {fileID: 400000, guid: dca0cc802061ec14e8d1953bf7aab52f, type: 3}
  m_PrefabInternal: {fileID: 868001395}
--- !u!1001 &927467024
Prefab:
  m_ObjectHideFlags: 0
  serializedVersion: 2
  m_Modification:
    m_TransformParent: {fileID: 554370724}
    m_Modifications:
    - target: {fileID: 400000, guid: dca0cc802061ec14e8d1953bf7aab52f, type: 3}
      propertyPath: m_LocalPosition.x
      value: 2.6165113
      objectReference: {fileID: 0}
    - target: {fileID: 400000, guid: dca0cc802061ec14e8d1953bf7aab52f, type: 3}
      propertyPath: m_LocalPosition.y
      value: 0.022517428
      objectReference: {fileID: 0}
    - target: {fileID: 400000, guid: dca0cc802061ec14e8d1953bf7aab52f, type: 3}
      propertyPath: m_LocalPosition.z
      value: 5.458068
      objectReference: {fileID: 0}
    - target: {fileID: 400000, guid: dca0cc802061ec14e8d1953bf7aab52f, type: 3}
      propertyPath: m_LocalRotation.x
      value: 0
      objectReference: {fileID: 0}
    - target: {fileID: 400000, guid: dca0cc802061ec14e8d1953bf7aab52f, type: 3}
      propertyPath: m_LocalRotation.y
      value: 0
      objectReference: {fileID: 0}
    - target: {fileID: 400000, guid: dca0cc802061ec14e8d1953bf7aab52f, type: 3}
      propertyPath: m_LocalRotation.z
      value: 0
      objectReference: {fileID: 0}
    - target: {fileID: 400000, guid: dca0cc802061ec14e8d1953bf7aab52f, type: 3}
      propertyPath: m_LocalRotation.w
      value: 1
      objectReference: {fileID: 0}
    - target: {fileID: 400000, guid: dca0cc802061ec14e8d1953bf7aab52f, type: 3}
      propertyPath: m_RootOrder
      value: 11
      objectReference: {fileID: 0}
    - target: {fileID: 100000, guid: dca0cc802061ec14e8d1953bf7aab52f, type: 3}
      propertyPath: m_Name
      value: FloorTile_Four (6)
      objectReference: {fileID: 0}
    m_RemovedComponents: []
  m_ParentPrefab: {fileID: 100100000, guid: dca0cc802061ec14e8d1953bf7aab52f, type: 3}
  m_IsPrefabParent: 0
--- !u!4 &927467025 stripped
Transform:
  m_PrefabParentObject: {fileID: 400000, guid: dca0cc802061ec14e8d1953bf7aab52f, type: 3}
  m_PrefabInternal: {fileID: 927467024}
--- !u!1001 &1115285984
Prefab:
  m_ObjectHideFlags: 0
  serializedVersion: 2
  m_Modification:
    m_TransformParent: {fileID: 0}
    m_Modifications:
    - target: {fileID: 496904, guid: 3ebe8f7ec2ec1dd41b8adbfacab9b1c7, type: 2}
      propertyPath: m_LocalPosition.x
      value: 12.54
      objectReference: {fileID: 0}
    - target: {fileID: 496904, guid: 3ebe8f7ec2ec1dd41b8adbfacab9b1c7, type: 2}
      propertyPath: m_LocalPosition.y
      value: 0.24485399
      objectReference: {fileID: 0}
    - target: {fileID: 496904, guid: 3ebe8f7ec2ec1dd41b8adbfacab9b1c7, type: 2}
      propertyPath: m_LocalPosition.z
      value: 13.77
      objectReference: {fileID: 0}
    - target: {fileID: 496904, guid: 3ebe8f7ec2ec1dd41b8adbfacab9b1c7, type: 2}
      propertyPath: m_LocalRotation.x
      value: 0
      objectReference: {fileID: 0}
    - target: {fileID: 496904, guid: 3ebe8f7ec2ec1dd41b8adbfacab9b1c7, type: 2}
      propertyPath: m_LocalRotation.y
      value: 0
      objectReference: {fileID: 0}
    - target: {fileID: 496904, guid: 3ebe8f7ec2ec1dd41b8adbfacab9b1c7, type: 2}
      propertyPath: m_LocalRotation.z
      value: 0
      objectReference: {fileID: 0}
    - target: {fileID: 496904, guid: 3ebe8f7ec2ec1dd41b8adbfacab9b1c7, type: 2}
      propertyPath: m_LocalRotation.w
      value: 1
      objectReference: {fileID: 0}
    - target: {fileID: 496904, guid: 3ebe8f7ec2ec1dd41b8adbfacab9b1c7, type: 2}
      propertyPath: m_RootOrder
      value: 1
      objectReference: {fileID: 0}
    - target: {fileID: 140378, guid: 3ebe8f7ec2ec1dd41b8adbfacab9b1c7, type: 2}
      propertyPath: m_Name
      value: Barrel_Two (1)
      objectReference: {fileID: 0}
    m_RemovedComponents: []
  m_ParentPrefab: {fileID: 100100000, guid: 3ebe8f7ec2ec1dd41b8adbfacab9b1c7, type: 2}
  m_IsPrefabParent: 0
--- !u!1001 &1137395294
Prefab:
  m_ObjectHideFlags: 0
  serializedVersion: 2
  m_Modification:
    m_TransformParent: {fileID: 554370724}
    m_Modifications:
    - target: {fileID: 400000, guid: dca0cc802061ec14e8d1953bf7aab52f, type: 3}
      propertyPath: m_LocalPosition.x
      value: 2.6165113
      objectReference: {fileID: 0}
    - target: {fileID: 400000, guid: dca0cc802061ec14e8d1953bf7aab52f, type: 3}
      propertyPath: m_LocalPosition.y
      value: 0.022517428
      objectReference: {fileID: 0}
    - target: {fileID: 400000, guid: dca0cc802061ec14e8d1953bf7aab52f, type: 3}
      propertyPath: m_LocalPosition.z
      value: 7.458068
      objectReference: {fileID: 0}
    - target: {fileID: 400000, guid: dca0cc802061ec14e8d1953bf7aab52f, type: 3}
      propertyPath: m_LocalRotation.x
      value: 0
      objectReference: {fileID: 0}
    - target: {fileID: 400000, guid: dca0cc802061ec14e8d1953bf7aab52f, type: 3}
      propertyPath: m_LocalRotation.y
      value: 0
      objectReference: {fileID: 0}
    - target: {fileID: 400000, guid: dca0cc802061ec14e8d1953bf7aab52f, type: 3}
      propertyPath: m_LocalRotation.z
      value: 0
      objectReference: {fileID: 0}
    - target: {fileID: 400000, guid: dca0cc802061ec14e8d1953bf7aab52f, type: 3}
      propertyPath: m_LocalRotation.w
      value: 1
      objectReference: {fileID: 0}
    - target: {fileID: 400000, guid: dca0cc802061ec14e8d1953bf7aab52f, type: 3}
      propertyPath: m_RootOrder
      value: 6
      objectReference: {fileID: 0}
    - target: {fileID: 100000, guid: dca0cc802061ec14e8d1953bf7aab52f, type: 3}
      propertyPath: m_Name
      value: FloorTile_Four (2)
      objectReference: {fileID: 0}
    m_RemovedComponents: []
  m_ParentPrefab: {fileID: 100100000, guid: dca0cc802061ec14e8d1953bf7aab52f, type: 3}
  m_IsPrefabParent: 0
--- !u!4 &1137395295 stripped
Transform:
  m_PrefabParentObject: {fileID: 400000, guid: dca0cc802061ec14e8d1953bf7aab52f, type: 3}
  m_PrefabInternal: {fileID: 1137395294}
--- !u!1001 &1202939422
Prefab:
  m_ObjectHideFlags: 0
  serializedVersion: 2
  m_Modification:
    m_TransformParent: {fileID: 0}
    m_Modifications:
    - target: {fileID: 400000, guid: 58d62123ec48fdf4589a98ccb11da8f6, type: 3}
      propertyPath: m_LocalPosition.x
      value: 13.093164
      objectReference: {fileID: 0}
    - target: {fileID: 400000, guid: 58d62123ec48fdf4589a98ccb11da8f6, type: 3}
      propertyPath: m_LocalPosition.y
      value: 0.22
      objectReference: {fileID: 0}
    - target: {fileID: 400000, guid: 58d62123ec48fdf4589a98ccb11da8f6, type: 3}
      propertyPath: m_LocalPosition.z
      value: 13.73
      objectReference: {fileID: 0}
    - target: {fileID: 400000, guid: 58d62123ec48fdf4589a98ccb11da8f6, type: 3}
      propertyPath: m_LocalRotation.x
      value: 0
      objectReference: {fileID: 0}
    - target: {fileID: 400000, guid: 58d62123ec48fdf4589a98ccb11da8f6, type: 3}
      propertyPath: m_LocalRotation.y
      value: 0
      objectReference: {fileID: 0}
    - target: {fileID: 400000, guid: 58d62123ec48fdf4589a98ccb11da8f6, type: 3}
      propertyPath: m_LocalRotation.z
      value: 0
      objectReference: {fileID: 0}
    - target: {fileID: 400000, guid: 58d62123ec48fdf4589a98ccb11da8f6, type: 3}
      propertyPath: m_LocalRotation.w
      value: 1
      objectReference: {fileID: 0}
    - target: {fileID: 400000, guid: 58d62123ec48fdf4589a98ccb11da8f6, type: 3}
      propertyPath: m_RootOrder
      value: 1
      objectReference: {fileID: 0}
    m_RemovedComponents: []
  m_ParentPrefab: {fileID: 100100000, guid: 58d62123ec48fdf4589a98ccb11da8f6, type: 3}
  m_IsPrefabParent: 0
--- !u!1001 &1250635038
Prefab:
  m_ObjectHideFlags: 0
  serializedVersion: 2
  m_Modification:
    m_TransformParent: {fileID: 554370724}
    m_Modifications:
    - target: {fileID: 400000, guid: dca0cc802061ec14e8d1953bf7aab52f, type: 3}
      propertyPath: m_LocalPosition.x
      value: -1.3834891
      objectReference: {fileID: 0}
    - target: {fileID: 400000, guid: dca0cc802061ec14e8d1953bf7aab52f, type: 3}
      propertyPath: m_LocalPosition.y
      value: 0.022517428
      objectReference: {fileID: 0}
    - target: {fileID: 400000, guid: dca0cc802061ec14e8d1953bf7aab52f, type: 3}
      propertyPath: m_LocalPosition.z
      value: 3.458068
      objectReference: {fileID: 0}
    - target: {fileID: 400000, guid: dca0cc802061ec14e8d1953bf7aab52f, type: 3}
      propertyPath: m_LocalRotation.x
      value: 0
      objectReference: {fileID: 0}
    - target: {fileID: 400000, guid: dca0cc802061ec14e8d1953bf7aab52f, type: 3}
      propertyPath: m_LocalRotation.y
      value: 0
      objectReference: {fileID: 0}
    - target: {fileID: 400000, guid: dca0cc802061ec14e8d1953bf7aab52f, type: 3}
      propertyPath: m_LocalRotation.z
      value: 0
      objectReference: {fileID: 0}
    - target: {fileID: 400000, guid: dca0cc802061ec14e8d1953bf7aab52f, type: 3}
      propertyPath: m_LocalRotation.w
      value: 1
      objectReference: {fileID: 0}
    - target: {fileID: 400000, guid: dca0cc802061ec14e8d1953bf7aab52f, type: 3}
      propertyPath: m_RootOrder
      value: 14
      objectReference: {fileID: 0}
    - target: {fileID: 100000, guid: dca0cc802061ec14e8d1953bf7aab52f, type: 3}
      propertyPath: m_Name
      value: FloorTile_Four (9)
      objectReference: {fileID: 0}
    m_RemovedComponents: []
  m_ParentPrefab: {fileID: 100100000, guid: dca0cc802061ec14e8d1953bf7aab52f, type: 3}
  m_IsPrefabParent: 0
--- !u!4 &1250635039 stripped
Transform:
  m_PrefabParentObject: {fileID: 400000, guid: dca0cc802061ec14e8d1953bf7aab52f, type: 3}
  m_PrefabInternal: {fileID: 1250635038}
--- !u!1001 &1365807613
Prefab:
  m_ObjectHideFlags: 0
  serializedVersion: 2
  m_Modification:
    m_TransformParent: {fileID: 554370724}
    m_Modifications:
    - target: {fileID: 400000, guid: dca0cc802061ec14e8d1953bf7aab52f, type: 3}
      propertyPath: m_LocalPosition.x
      value: 2.6165113
      objectReference: {fileID: 0}
    - target: {fileID: 400000, guid: dca0cc802061ec14e8d1953bf7aab52f, type: 3}
      propertyPath: m_LocalPosition.y
      value: 0.022517428
      objectReference: {fileID: 0}
    - target: {fileID: 400000, guid: dca0cc802061ec14e8d1953bf7aab52f, type: 3}
      propertyPath: m_LocalPosition.z
      value: 3.458068
      objectReference: {fileID: 0}
    - target: {fileID: 400000, guid: dca0cc802061ec14e8d1953bf7aab52f, type: 3}
      propertyPath: m_LocalRotation.x
      value: 0
      objectReference: {fileID: 0}
    - target: {fileID: 400000, guid: dca0cc802061ec14e8d1953bf7aab52f, type: 3}
      propertyPath: m_LocalRotation.y
      value: 0
      objectReference: {fileID: 0}
    - target: {fileID: 400000, guid: dca0cc802061ec14e8d1953bf7aab52f, type: 3}
      propertyPath: m_LocalRotation.z
      value: 0
      objectReference: {fileID: 0}
    - target: {fileID: 400000, guid: dca0cc802061ec14e8d1953bf7aab52f, type: 3}
      propertyPath: m_LocalRotation.w
      value: 1
      objectReference: {fileID: 0}
    - target: {fileID: 400000, guid: dca0cc802061ec14e8d1953bf7aab52f, type: 3}
      propertyPath: m_RootOrder
      value: 8
      objectReference: {fileID: 0}
    - target: {fileID: 100000, guid: dca0cc802061ec14e8d1953bf7aab52f, type: 3}
      propertyPath: m_Name
      value: FloorTile_Four (3)
      objectReference: {fileID: 0}
    m_RemovedComponents: []
  m_ParentPrefab: {fileID: 100100000, guid: dca0cc802061ec14e8d1953bf7aab52f, type: 3}
  m_IsPrefabParent: 0
--- !u!4 &1365807614 stripped
Transform:
  m_PrefabParentObject: {fileID: 400000, guid: dca0cc802061ec14e8d1953bf7aab52f, type: 3}
  m_PrefabInternal: {fileID: 1365807613}
--- !u!1001 &1378232058
Prefab:
  m_ObjectHideFlags: 0
  serializedVersion: 2
  m_Modification:
    m_TransformParent: {fileID: 0}
    m_Modifications:
    - target: {fileID: 400000, guid: 8769670843f88c24b95afe75049293a4, type: 3}
      propertyPath: m_LocalPosition.x
      value: 12.1
      objectReference: {fileID: 0}
    - target: {fileID: 400000, guid: 8769670843f88c24b95afe75049293a4, type: 3}
      propertyPath: m_LocalPosition.y
      value: 1.77
      objectReference: {fileID: 0}
    - target: {fileID: 400000, guid: 8769670843f88c24b95afe75049293a4, type: 3}
      propertyPath: m_LocalPosition.z
      value: 14.624
      objectReference: {fileID: 0}
    - target: {fileID: 400000, guid: 8769670843f88c24b95afe75049293a4, type: 3}
      propertyPath: m_LocalRotation.x
      value: 0
      objectReference: {fileID: 0}
    - target: {fileID: 400000, guid: 8769670843f88c24b95afe75049293a4, type: 3}
      propertyPath: m_LocalRotation.y
      value: 0
      objectReference: {fileID: 0}
    - target: {fileID: 400000, guid: 8769670843f88c24b95afe75049293a4, type: 3}
      propertyPath: m_LocalRotation.z
      value: -0.7071068
      objectReference: {fileID: 0}
    - target: {fileID: 400000, guid: 8769670843f88c24b95afe75049293a4, type: 3}
      propertyPath: m_LocalRotation.w
      value: 0.7071067
      objectReference: {fileID: 0}
    - target: {fileID: 400000, guid: 8769670843f88c24b95afe75049293a4, type: 3}
      propertyPath: m_RootOrder
      value: 2
      objectReference: {fileID: 0}
    m_RemovedComponents: []
  m_ParentPrefab: {fileID: 100100000, guid: 8769670843f88c24b95afe75049293a4, type: 3}
  m_IsPrefabParent: 0
--- !u!1 &1411992342
GameObject:
  m_ObjectHideFlags: 0
  m_PrefabParentObject: {fileID: 0}
  m_PrefabInternal: {fileID: 0}
  serializedVersion: 4
  m_Component:
  - 4: {fileID: 1411992343}
  - 33: {fileID: 1411992346}
  - 64: {fileID: 1411992345}
  - 23: {fileID: 1411992344}
  m_Layer: 0
  m_Name: Plane (1)
  m_TagString: Untagged
  m_Icon: {fileID: 0}
  m_NavMeshLayer: 0
  m_StaticEditorFlags: 0
  m_IsActive: 1
--- !u!4 &1411992343
Transform:
  m_ObjectHideFlags: 0
  m_PrefabParentObject: {fileID: 0}
  m_PrefabInternal: {fileID: 0}
  m_GameObject: {fileID: 1411992342}
  m_LocalRotation: {x: 0, y: -0.38268346, z: 0, w: 0.9238795}
  m_LocalPosition: {x: -0.13, y: 3.04, z: 8.84}
  m_LocalScale: {x: 0.5, y: 0.5, z: 0.5}
  m_Children: []
  m_Father: {fileID: 554370724}
  m_RootOrder: 16
--- !u!23 &1411992344
MeshRenderer:
  m_ObjectHideFlags: 0
  m_PrefabParentObject: {fileID: 0}
  m_PrefabInternal: {fileID: 0}
  m_GameObject: {fileID: 1411992342}
  m_Enabled: 1
  m_CastShadows: 1
  m_ReceiveShadows: 1
  m_Materials:
  - {fileID: 2100000, guid: e5529f49eb7151645839f33a5eff1980, type: 2}
  m_SubsetIndices: 
  m_StaticBatchRoot: {fileID: 0}
  m_UseLightProbes: 1
  m_ReflectionProbeUsage: 1
  m_ProbeAnchor: {fileID: 0}
  m_ScaleInLightmap: 1
  m_PreserveUVs: 1
  m_IgnoreNormalsForChartDetection: 0
  m_ImportantGI: 0
  m_MinimumChartSize: 4
  m_AutoUVMaxDistance: 0.5
  m_AutoUVMaxAngle: 89
  m_LightmapParameters: {fileID: 0}
  m_SortingLayerID: 0
  m_SortingOrder: 0
--- !u!64 &1411992345
MeshCollider:
  m_ObjectHideFlags: 0
  m_PrefabParentObject: {fileID: 0}
  m_PrefabInternal: {fileID: 0}
  m_GameObject: {fileID: 1411992342}
  m_Material: {fileID: 0}
  m_IsTrigger: 0
  m_Enabled: 1
  serializedVersion: 2
  m_Convex: 0
  m_Mesh: {fileID: 10209, guid: 0000000000000000e000000000000000, type: 0}
--- !u!33 &1411992346
MeshFilter:
  m_ObjectHideFlags: 0
  m_PrefabParentObject: {fileID: 0}
  m_PrefabInternal: {fileID: 0}
  m_GameObject: {fileID: 1411992342}
  m_Mesh: {fileID: 10209, guid: 0000000000000000e000000000000000, type: 0}
--- !u!1 &1445238267
GameObject:
  m_ObjectHideFlags: 0
  m_PrefabParentObject: {fileID: 0}
  m_PrefabInternal: {fileID: 0}
  serializedVersion: 4
  m_Component:
  - 4: {fileID: 1445238272}
  - 20: {fileID: 1445238271}
  - 92: {fileID: 1445238270}
  - 124: {fileID: 1445238269}
  - 81: {fileID: 1445238268}
  m_Layer: 0
  m_Name: Main Camera
  m_TagString: MainCamera
  m_Icon: {fileID: 0}
  m_NavMeshLayer: 0
  m_StaticEditorFlags: 0
  m_IsActive: 1
--- !u!81 &1445238268
AudioListener:
  m_ObjectHideFlags: 0
  m_PrefabParentObject: {fileID: 0}
  m_PrefabInternal: {fileID: 0}
  m_GameObject: {fileID: 1445238267}
  m_Enabled: 1
--- !u!124 &1445238269
Behaviour:
  m_ObjectHideFlags: 0
  m_PrefabParentObject: {fileID: 0}
  m_PrefabInternal: {fileID: 0}
  m_GameObject: {fileID: 1445238267}
  m_Enabled: 1
--- !u!92 &1445238270
Behaviour:
  m_ObjectHideFlags: 0
  m_PrefabParentObject: {fileID: 0}
  m_PrefabInternal: {fileID: 0}
  m_GameObject: {fileID: 1445238267}
  m_Enabled: 1
--- !u!20 &1445238271
Camera:
  m_ObjectHideFlags: 0
  m_PrefabParentObject: {fileID: 0}
  m_PrefabInternal: {fileID: 0}
  m_GameObject: {fileID: 1445238267}
  m_Enabled: 1
  serializedVersion: 2
  m_ClearFlags: 1
  m_BackGroundColor: {r: 0.19215687, g: 0.3019608, b: 0.4745098, a: 0.019607844}
  m_NormalizedViewPortRect:
    serializedVersion: 2
    x: 0
    y: 0
    width: 1
    height: 1
  near clip plane: 0.3
  far clip plane: 1000
  field of view: 60
  orthographic: 0
  orthographic size: 5
  m_Depth: -1
  m_CullingMask:
    serializedVersion: 2
    m_Bits: 4294967295
  m_RenderingPath: -1
  m_TargetTexture: {fileID: 0}
  m_TargetDisplay: 0
  m_TargetEye: 3
  m_HDR: 0
  m_OcclusionCulling: 1
  m_StereoConvergence: 10
  m_StereoSeparation: 0.022
  m_StereoMirrorMode: 0
--- !u!4 &1445238272
Transform:
  m_ObjectHideFlags: 0
  m_PrefabParentObject: {fileID: 0}
  m_PrefabInternal: {fileID: 0}
  m_GameObject: {fileID: 1445238267}
  m_LocalRotation: {x: 0, y: 0, z: 0, w: 1}
  m_LocalPosition: {x: 0, y: 1, z: -10}
  m_LocalScale: {x: 1, y: 1, z: 1}
  m_Children: []
  m_Father: {fileID: 0}
  m_RootOrder: 0
--- !u!1 &1502781229
GameObject:
  m_ObjectHideFlags: 0
  m_PrefabParentObject: {fileID: 0}
  m_PrefabInternal: {fileID: 0}
  serializedVersion: 4
  m_Component:
  - 4: {fileID: 1502781230}
  - 33: {fileID: 1502781233}
  - 64: {fileID: 1502781232}
  - 23: {fileID: 1502781231}
  m_Layer: 0
  m_Name: Plane (2)
  m_TagString: Untagged
  m_Icon: {fileID: 0}
  m_NavMeshLayer: 0
  m_StaticEditorFlags: 0
  m_IsActive: 1
--- !u!4 &1502781230
Transform:
  m_ObjectHideFlags: 0
  m_PrefabParentObject: {fileID: 0}
  m_PrefabInternal: {fileID: 0}
  m_GameObject: {fileID: 1502781229}
  m_LocalRotation: {x: 0, y: -0.38268346, z: 0, w: 0.9238795}
  m_LocalPosition: {x: -3.48, y: 3.04, z: 5.49}
  m_LocalScale: {x: 0.5, y: 0.5, z: 0.5}
  m_Children: []
  m_Father: {fileID: 554370724}
  m_RootOrder: 17
--- !u!23 &1502781231
MeshRenderer:
  m_ObjectHideFlags: 0
  m_PrefabParentObject: {fileID: 0}
  m_PrefabInternal: {fileID: 0}
  m_GameObject: {fileID: 1502781229}
  m_Enabled: 1
  m_CastShadows: 1
  m_ReceiveShadows: 1
  m_Materials:
  - {fileID: 2100000, guid: e5529f49eb7151645839f33a5eff1980, type: 2}
  m_SubsetIndices: 
  m_StaticBatchRoot: {fileID: 0}
  m_UseLightProbes: 1
  m_ReflectionProbeUsage: 1
  m_ProbeAnchor: {fileID: 0}
  m_ScaleInLightmap: 1
  m_PreserveUVs: 1
  m_IgnoreNormalsForChartDetection: 0
  m_ImportantGI: 0
  m_MinimumChartSize: 4
  m_AutoUVMaxDistance: 0.5
  m_AutoUVMaxAngle: 89
  m_LightmapParameters: {fileID: 0}
  m_SortingLayerID: 0
  m_SortingOrder: 0
--- !u!64 &1502781232
MeshCollider:
  m_ObjectHideFlags: 0
  m_PrefabParentObject: {fileID: 0}
  m_PrefabInternal: {fileID: 0}
  m_GameObject: {fileID: 1502781229}
  m_Material: {fileID: 0}
  m_IsTrigger: 0
  m_Enabled: 1
  serializedVersion: 2
  m_Convex: 0
  m_Mesh: {fileID: 10209, guid: 0000000000000000e000000000000000, type: 0}
--- !u!33 &1502781233
MeshFilter:
  m_ObjectHideFlags: 0
  m_PrefabParentObject: {fileID: 0}
  m_PrefabInternal: {fileID: 0}
  m_GameObject: {fileID: 1502781229}
  m_Mesh: {fileID: 10209, guid: 0000000000000000e000000000000000, type: 0}
--- !u!1 &1532259668
GameObject:
  m_ObjectHideFlags: 0
  m_PrefabParentObject: {fileID: 0}
  m_PrefabInternal: {fileID: 0}
  serializedVersion: 4
  m_Component:
  - 4: {fileID: 1532259669}
  - 33: {fileID: 1532259672}
  - 64: {fileID: 1532259671}
  - 23: {fileID: 1532259670}
  m_Layer: 0
  m_Name: Plane
  m_TagString: Untagged
  m_Icon: {fileID: 0}
  m_NavMeshLayer: 0
  m_StaticEditorFlags: 0
  m_IsActive: 1
--- !u!4 &1532259669
Transform:
  m_ObjectHideFlags: 0
  m_PrefabParentObject: {fileID: 0}
  m_PrefabInternal: {fileID: 0}
  m_GameObject: {fileID: 1532259668}
  m_LocalRotation: {x: 0, y: 0, z: 0, w: 1}
  m_LocalPosition: {x: 0.93, y: 3.001, z: 11.356}
  m_LocalScale: {x: 0.5, y: 0.5, z: 0.5}
  m_Children: []
  m_Father: {fileID: 554370724}
  m_RootOrder: 2
--- !u!23 &1532259670
MeshRenderer:
  m_ObjectHideFlags: 0
  m_PrefabParentObject: {fileID: 0}
  m_PrefabInternal: {fileID: 0}
  m_GameObject: {fileID: 1532259668}
  m_Enabled: 1
  m_CastShadows: 1
  m_ReceiveShadows: 1
  m_Materials:
  - {fileID: 2100000, guid: e5529f49eb7151645839f33a5eff1980, type: 2}
  m_SubsetIndices: 
  m_StaticBatchRoot: {fileID: 0}
  m_UseLightProbes: 1
  m_ReflectionProbeUsage: 1
  m_ProbeAnchor: {fileID: 0}
  m_ScaleInLightmap: 1
  m_PreserveUVs: 1
  m_IgnoreNormalsForChartDetection: 0
  m_ImportantGI: 0
  m_MinimumChartSize: 4
  m_AutoUVMaxDistance: 0.5
  m_AutoUVMaxAngle: 89
  m_LightmapParameters: {fileID: 0}
  m_SortingLayerID: 0
  m_SortingOrder: 0
--- !u!64 &1532259671
MeshCollider:
  m_ObjectHideFlags: 0
  m_PrefabParentObject: {fileID: 0}
  m_PrefabInternal: {fileID: 0}
  m_GameObject: {fileID: 1532259668}
  m_Material: {fileID: 0}
  m_IsTrigger: 0
  m_Enabled: 1
  serializedVersion: 2
  m_Convex: 0
  m_Mesh: {fileID: 10209, guid: 0000000000000000e000000000000000, type: 0}
--- !u!33 &1532259672
MeshFilter:
  m_ObjectHideFlags: 0
  m_PrefabParentObject: {fileID: 0}
  m_PrefabInternal: {fileID: 0}
  m_GameObject: {fileID: 1532259668}
  m_Mesh: {fileID: 10209, guid: 0000000000000000e000000000000000, type: 0}
--- !u!1001 &1569817981
Prefab:
  m_ObjectHideFlags: 0
  serializedVersion: 2
  m_Modification:
    m_TransformParent: {fileID: 0}
    m_Modifications:
    - target: {fileID: 400000, guid: dca0cc802061ec14e8d1953bf7aab52f, type: 3}
      propertyPath: m_LocalPosition.x
      value: 13.14
      objectReference: {fileID: 0}
    - target: {fileID: 400000, guid: dca0cc802061ec14e8d1953bf7aab52f, type: 3}
      propertyPath: m_LocalPosition.y
      value: 0.24
      objectReference: {fileID: 0}
    - target: {fileID: 400000, guid: dca0cc802061ec14e8d1953bf7aab52f, type: 3}
      propertyPath: m_LocalPosition.z
      value: 14.16
      objectReference: {fileID: 0}
    - target: {fileID: 400000, guid: dca0cc802061ec14e8d1953bf7aab52f, type: 3}
      propertyPath: m_LocalRotation.x
      value: 0
      objectReference: {fileID: 0}
    - target: {fileID: 400000, guid: dca0cc802061ec14e8d1953bf7aab52f, type: 3}
      propertyPath: m_LocalRotation.y
      value: 0
      objectReference: {fileID: 0}
    - target: {fileID: 400000, guid: dca0cc802061ec14e8d1953bf7aab52f, type: 3}
      propertyPath: m_LocalRotation.z
      value: 0
      objectReference: {fileID: 0}
    - target: {fileID: 400000, guid: dca0cc802061ec14e8d1953bf7aab52f, type: 3}
      propertyPath: m_LocalRotation.w
      value: 1
      objectReference: {fileID: 0}
    - target: {fileID: 400000, guid: dca0cc802061ec14e8d1953bf7aab52f, type: 3}
      propertyPath: m_RootOrder
      value: 1
      objectReference: {fileID: 0}
    m_RemovedComponents: []
  m_ParentPrefab: {fileID: 100100000, guid: dca0cc802061ec14e8d1953bf7aab52f, type: 3}
  m_IsPrefabParent: 0
--- !u!1001 &1604917073
Prefab:
  m_ObjectHideFlags: 0
  serializedVersion: 2
  m_Modification:
    m_TransformParent: {fileID: 554370724}
    m_Modifications:
    - target: {fileID: 400000, guid: dca0cc802061ec14e8d1953bf7aab52f, type: 3}
      propertyPath: m_LocalPosition.x
      value: 0.61651134
      objectReference: {fileID: 0}
    - target: {fileID: 400000, guid: dca0cc802061ec14e8d1953bf7aab52f, type: 3}
      propertyPath: m_LocalPosition.y
      value: 0.022517428
      objectReference: {fileID: 0}
    - target: {fileID: 400000, guid: dca0cc802061ec14e8d1953bf7aab52f, type: 3}
      propertyPath: m_LocalPosition.z
      value: 3.458068
      objectReference: {fileID: 0}
    - target: {fileID: 400000, guid: dca0cc802061ec14e8d1953bf7aab52f, type: 3}
      propertyPath: m_LocalRotation.x
      value: 0
      objectReference: {fileID: 0}
    - target: {fileID: 400000, guid: dca0cc802061ec14e8d1953bf7aab52f, type: 3}
      propertyPath: m_LocalRotation.y
      value: 0
      objectReference: {fileID: 0}
    - target: {fileID: 400000, guid: dca0cc802061ec14e8d1953bf7aab52f, type: 3}
      propertyPath: m_LocalRotation.z
      value: 0
      objectReference: {fileID: 0}
    - target: {fileID: 400000, guid: dca0cc802061ec14e8d1953bf7aab52f, type: 3}
      propertyPath: m_LocalRotation.w
      value: 1
      objectReference: {fileID: 0}
    - target: {fileID: 400000, guid: dca0cc802061ec14e8d1953bf7aab52f, type: 3}
      propertyPath: m_RootOrder
      value: 13
      objectReference: {fileID: 0}
    - target: {fileID: 100000, guid: dca0cc802061ec14e8d1953bf7aab52f, type: 3}
      propertyPath: m_Name
      value: FloorTile_Four (8)
      objectReference: {fileID: 0}
    m_RemovedComponents: []
  m_ParentPrefab: {fileID: 100100000, guid: dca0cc802061ec14e8d1953bf7aab52f, type: 3}
  m_IsPrefabParent: 0
--- !u!4 &1604917074 stripped
Transform:
  m_PrefabParentObject: {fileID: 400000, guid: dca0cc802061ec14e8d1953bf7aab52f, type: 3}
  m_PrefabInternal: {fileID: 1604917073}
--- !u!1 &1893782930
GameObject:
  m_ObjectHideFlags: 0
  m_PrefabParentObject: {fileID: 0}
  m_PrefabInternal: {fileID: 0}
  serializedVersion: 4
  m_Component:
  - 4: {fileID: 1893782931}
  - 33: {fileID: 1893782934}
  - 64: {fileID: 1893782933}
  - 23: {fileID: 1893782932}
  m_Layer: 0
  m_Name: Plane (3)
  m_TagString: Untagged
  m_Icon: {fileID: 0}
  m_NavMeshLayer: 0
  m_StaticEditorFlags: 0
  m_IsActive: 1
--- !u!4 &1893782931
Transform:
  m_ObjectHideFlags: 0
  m_PrefabParentObject: {fileID: 0}
  m_PrefabInternal: {fileID: 0}
  m_GameObject: {fileID: 1893782930}
  m_LocalRotation: {x: 0, y: 0, z: 0, w: 1}
  m_LocalPosition: {x: -4.68, y: 3.001, z: 3}
  m_LocalScale: {x: 0.5, y: 0.5, z: 0.5}
  m_Children: []
  m_Father: {fileID: 554370724}
  m_RootOrder: 18
--- !u!23 &1893782932
MeshRenderer:
  m_ObjectHideFlags: 0
  m_PrefabParentObject: {fileID: 0}
  m_PrefabInternal: {fileID: 0}
  m_GameObject: {fileID: 1893782930}
  m_Enabled: 1
  m_CastShadows: 1
  m_ReceiveShadows: 1
  m_Materials:
  - {fileID: 2100000, guid: e5529f49eb7151645839f33a5eff1980, type: 2}
  m_SubsetIndices: 
  m_StaticBatchRoot: {fileID: 0}
  m_UseLightProbes: 1
  m_ReflectionProbeUsage: 1
  m_ProbeAnchor: {fileID: 0}
  m_ScaleInLightmap: 1
  m_PreserveUVs: 1
  m_IgnoreNormalsForChartDetection: 0
  m_ImportantGI: 0
  m_MinimumChartSize: 4
  m_AutoUVMaxDistance: 0.5
  m_AutoUVMaxAngle: 89
  m_LightmapParameters: {fileID: 0}
  m_SortingLayerID: 0
  m_SortingOrder: 0
--- !u!64 &1893782933
MeshCollider:
  m_ObjectHideFlags: 0
  m_PrefabParentObject: {fileID: 0}
  m_PrefabInternal: {fileID: 0}
  m_GameObject: {fileID: 1893782930}
  m_Material: {fileID: 0}
  m_IsTrigger: 0
  m_Enabled: 1
  serializedVersion: 2
  m_Convex: 0
  m_Mesh: {fileID: 10209, guid: 0000000000000000e000000000000000, type: 0}
--- !u!33 &1893782934
MeshFilter:
  m_ObjectHideFlags: 0
  m_PrefabParentObject: {fileID: 0}
  m_PrefabInternal: {fileID: 0}
  m_GameObject: {fileID: 1893782930}
  m_Mesh: {fileID: 10209, guid: 0000000000000000e000000000000000, type: 0}
