%YAML 1.1
%TAG !u! tag:unity3d.com,2011:
--- !u!1 &117372
GameObject:
  m_ObjectHideFlags: 0
  m_PrefabParentObject: {fileID: 0}
  m_PrefabInternal: {fileID: 100100000}
  serializedVersion: 4
  m_Component:
  - 4: {fileID: 413026}
  - 33: {fileID: 3320136}
  - 23: {fileID: 2308602}
  - 96: {fileID: 9662542}
  m_Layer: 0
  m_Name: ebullet
  m_TagString: e20m
  m_Icon: {fileID: 0}
  m_NavMeshLayer: 0
  m_StaticEditorFlags: 0
  m_IsActive: 1
--- !u!1 &144426
GameObject:
  m_ObjectHideFlags: 0
  m_PrefabParentObject: {fileID: 0}
  m_PrefabInternal: {fileID: 100100000}
  serializedVersion: 4
  m_Component:
  - 4: {fileID: 470894}
  - 114: {fileID: 11417236}
  - 54: {fileID: 5446692}
  - 65: {fileID: 6501656}
  m_Layer: 10
  m_Name: Pistol 2 Shot2
  m_TagString: Untagged
  m_Icon: {fileID: 0}
  m_NavMeshLayer: 0
  m_StaticEditorFlags: 0
  m_IsActive: 1
--- !u!4 &413026
Transform:
  m_ObjectHideFlags: 1
  m_PrefabParentObject: {fileID: 0}
  m_PrefabInternal: {fileID: 100100000}
  m_GameObject: {fileID: 117372}
  m_LocalRotation: {x: 0, y: 0, z: 0, w: 1}
  m_LocalPosition: {x: 0, y: 0, z: 0}
  m_LocalScale: {x: 0.01, y: 0.01, z: 0.1}
  m_Children: []
  m_Father: {fileID: 470894}
  m_RootOrder: 0
--- !u!4 &470894
Transform:
  m_ObjectHideFlags: 1
  m_PrefabParentObject: {fileID: 0}
  m_PrefabInternal: {fileID: 100100000}
  m_GameObject: {fileID: 144426}
  m_LocalRotation: {x: 0, y: 0, z: 0, w: 1}
  m_LocalPosition: {x: 0, y: 0, z: 0}
  m_LocalScale: {x: 1, y: 1, z: 1}
  m_Children:
  - {fileID: 413026}
  m_Father: {fileID: 0}
  m_RootOrder: 0
--- !u!23 &2308602
MeshRenderer:
  m_ObjectHideFlags: 1
  m_PrefabParentObject: {fileID: 0}
  m_PrefabInternal: {fileID: 100100000}
  m_GameObject: {fileID: 117372}
  m_Enabled: 1
  m_CastShadows: 1
  m_ReceiveShadows: 1
  m_Materials:
  - {fileID: 2100000, guid: bacf3e9864c154b4189474f2bbf445e3, type: 2}
  m_SubsetIndices: 
  m_StaticBatchRoot: {fileID: 0}
  m_UseLightProbes: 1
  m_ReflectionProbeUsage: 1
  m_ProbeAnchor: {fileID: 0}
  m_ScaleInLightmap: 1
  m_PreserveUVs: 1
  m_IgnoreNormalsForChartDetection: 0
  m_ImportantGI: 0
  m_MinimumChartSize: 4
  m_AutoUVMaxDistance: 0.5
  m_AutoUVMaxAngle: 89
  m_LightmapParameters: {fileID: 0}
  m_SortingLayerID: 0
  m_SortingOrder: 0
--- !u!33 &3320136
MeshFilter:
  m_ObjectHideFlags: 1
  m_PrefabParentObject: {fileID: 0}
  m_PrefabInternal: {fileID: 100100000}
  m_GameObject: {fileID: 117372}
  m_Mesh: {fileID: 10202, guid: 0000000000000000e000000000000000, type: 0}
--- !u!54 &5446692
Rigidbody:
  m_ObjectHideFlags: 1
  m_PrefabParentObject: {fileID: 0}
  m_PrefabInternal: {fileID: 100100000}
  m_GameObject: {fileID: 144426}
  serializedVersion: 2
  m_Mass: 0.1
  m_Drag: 0
  m_AngularDrag: 0.05
  m_UseGravity: 0
  m_IsKinematic: 0
  m_Interpolate: 0
  m_Constraints: 112
  m_CollisionDetection: 2
--- !u!65 &6501656
BoxCollider:
  m_ObjectHideFlags: 1
  m_PrefabParentObject: {fileID: 0}
  m_PrefabInternal: {fileID: 100100000}
  m_GameObject: {fileID: 144426}
  m_Material: {fileID: 0}
  m_IsTrigger: 0
  m_Enabled: 1
  serializedVersion: 2
  m_Size: {x: 0.27, y: 0.28, z: 0.39}
  m_Center: {x: 0, y: 0, z: 0}
--- !u!96 &9662542
TrailRenderer:
  m_ObjectHideFlags: 1
  m_PrefabParentObject: {fileID: 0}
  m_PrefabInternal: {fileID: 100100000}
  m_GameObject: {fileID: 117372}
  m_Enabled: 1
  m_CastShadows: 1
  m_ReceiveShadows: 1
  m_Materials:
  - {fileID: 2100000, guid: bacf3e9864c154b4189474f2bbf445e3, type: 2}
  m_SubsetIndices: 
  m_StaticBatchRoot: {fileID: 0}
  m_UseLightProbes: 1
  m_ReflectionProbeUsage: 1
  m_ProbeAnchor: {fileID: 0}
  m_ScaleInLightmap: 1
  m_PreserveUVs: 0
  m_IgnoreNormalsForChartDetection: 0
  m_ImportantGI: 0
  m_MinimumChartSize: 4
  m_AutoUVMaxDistance: 0.5
  m_AutoUVMaxAngle: 89
  m_LightmapParameters: {fileID: 0}
  m_SortingLayerID: 0
  m_SortingOrder: 0
  m_Time: 0.15
  m_StartWidth: 0.1
  m_EndWidth: 0.01
  m_Colors:
    m_Color[0]:
      serializedVersion: 2
      rgba: 4279500776
    m_Color[1]:
      serializedVersion: 2
      rgba: 4294967295
    m_Color[2]:
      serializedVersion: 2
      rgba: 4294967295
    m_Color[3]:
      serializedVersion: 2
      rgba: 4294967295
    m_Color[4]:
      serializedVersion: 2
      rgba: 16777215
  m_MinVertexDistance: 0.1
  m_Autodestruct: 0
--- !u!114 &11417236
MonoBehaviour:
  m_ObjectHideFlags: 1
  m_PrefabParentObject: {fileID: 0}
  m_PrefabInternal: {fileID: 100100000}
  m_GameObject: {fileID: 144426}
  m_Enabled: 1
  m_EditorHideFlags: 0
  m_Script: {fileID: 11500000, guid: 47c3243e1e7803e46a051c8ab0c0bfc0, type: 3}
  m_Name: 
  m_EditorClassIdentifier: 
  Stats:
    Title: Burninator Shot
    weaponType: 0
    DamageType: 0
    LineRenderer: {fileID: 0}
    Speed: 30
    Damage: 1
    MaxDistance: 20
    Lifetime: 3
    Bouncer: 0
    UsePhysics: 1
    ConstantForce: 1
    MoveStyle: 1
    CauseAoeDamage: 0
    AoeEffect: {fileID: 0}
    AoeRadius: 0
    AoeForce: 0
  Mask:
    serializedVersion: 2
    m_Bits: 29440
  AttackEffect: {fileID: 156710, guid: 77c4ce31bacabee45b4a6e557328fc15, type: 2}
  ImpactTagNames:
  - Metal
  - Concrete
  - Flesh
  - Wood
  ImpactSounds:
  - {fileID: 8300000, guid: aa878cc5ad42445429605609814d6e86, type: 3}
  - {fileID: 8300000, guid: 18dcd2bee6fc57a46aaea506d7664786, type: 3}
  - {fileID: 8300000, guid: 0f8dd633cebaf0742a5c6d4f6ed143e9, type: 3}
  - {fileID: 8300000, guid: 85f17507cd8d5264dabad78ff7e40e4f, type: 3}
  ImpactEffects:
  - {fileID: 108492, guid: a35585e39931b004581c813a05d4e464, type: 2}
  - {fileID: 108796, guid: d4b26e99c63e0cb41b52507daf7eb056, type: 2}
  - {fileID: 175584, guid: c3da58ec4508f6c45914f13bf7d85b86, type: 2}
  - {fileID: 108796, guid: 4985bb6db4521f241aafef500f3df43a, type: 2}
  ImpactStyle: 0
  Owner: {fileID: 0}
  DetachOnDestroy: {fileID: 0}
  LogDebug: 0
--- !u!1001 &100100000
Prefab:
  m_ObjectHideFlags: 1
  serializedVersion: 2
  m_Modification:
    m_TransformParent: {fileID: 0}
    m_Modifications: []
    m_RemovedComponents: []
  m_ParentPrefab: {fileID: 0}
  m_RootGameObject: {fileID: 144426}
  m_IsPrefabParent: 1
