%YAML 1.1
%TAG !u! tag:unity3d.com,2011:
--- !u!1 &168296
GameObject:
  m_ObjectHideFlags: 0
  m_PrefabParentObject: {fileID: 0}
  m_PrefabInternal: {fileID: 100100000}
  serializedVersion: 4
  m_Component:
  - 4: {fileID: 400154}
  - 114: {fileID: 11439342}
  - 114: {fileID: 11428382}
  - 114: {fileID: 11498444}
  - 114: {fileID: 11453572}
  - 114: {fileID: 11495628}
  - 114: {fileID: 11489156}
  - 114: {fileID: 11459392}
  m_Layer: 0
  m_Name: VisualizerManager
  m_TagString: Untagged
  m_Icon: {fileID: 0}
  m_NavMeshLayer: 0
  m_StaticEditorFlags: 0
  m_IsActive: 1
--- !u!4 &400154
Transform:
  m_ObjectHideFlags: 1
  m_PrefabParentObject: {fileID: 0}
  m_PrefabInternal: {fileID: 100100000}
  m_GameObject: {fileID: 168296}
  m_LocalRotation: {x: 0, y: 0, z: 0, w: 1}
  m_LocalPosition: {x: 0.2, y: 0.3, z: 0}
  m_LocalScale: {x: 1, y: 1, z: 1}
  m_Children: []
  m_Father: {fileID: 0}
  m_RootOrder: 0
--- !u!114 &11428382
MonoBehaviour:
  m_ObjectHideFlags: 1
  m_PrefabParentObject: {fileID: 0}
  m_PrefabInternal: {fileID: 100100000}
  m_GameObject: {fileID: 168296}
  m_Enabled: 1
  m_EditorHideFlags: 0
  m_Script: {fileID: 11500000, guid: 87679b3214a434143a11476d370a1540, type: 3}
  m_Name: 
  m_EditorClassIdentifier: 
  m_oVisManager: {fileID: 11439342}
  m_szLastVisManagerName: VisualizerManager
  dataGroupName: Bass
  dataSource: 1
  numberSubDataGroups: 5
  frequencyRangeStartIndex: 0
  frequencyRangeEndIndex: 20
  boost: 5
  cutoff: 1
  debugColor: {r: 1, g: 0, b: 0, a: 1}
--- !u!114 &11439342
MonoBehaviour:
  m_ObjectHideFlags: 1
  m_PrefabParentObject: {fileID: 0}
  m_PrefabInternal: {fileID: 100100000}
  m_GameObject: {fileID: 168296}
  m_Enabled: 1
  m_EditorHideFlags: 0
  m_Script: {fileID: 11500000, guid: ab909c368a549bd41a52779b5bbd6577, type: 3}
  m_Name: 
  m_EditorClassIdentifier: 
  channel: 2
  windowSize: 1024
  windowType: 5
  audioSource: {fileID: 0}
  displaySpectrumDebug: 0
  displayDataGroupDebug: 0
  displayControllerDebug: 0
  debugSpectrumBarWidth: 1
  debugSpectrumBarHeight: 80
  debugRawAudioBarHeight: 40
  debugDataGroupBarWidth: 4
  debugDataGroupBarHeight: 40
  debugControllerBarWidth: 150
  debugControllerBarHeight: 6
  debugSeparation: 5
  debugTexture: {fileID: 2800000, guid: e34dff170295acb4d828f0a44c70659c, type: 3}
--- !u!114 &11453572
MonoBehaviour:
  m_ObjectHideFlags: 1
  m_PrefabParentObject: {fileID: 0}
  m_PrefabInternal: {fileID: 100100000}
  m_GameObject: {fileID: 168296}
  m_Enabled: 1
  m_EditorHideFlags: 0
  m_Script: {fileID: 11500000, guid: 87679b3214a434143a11476d370a1540, type: 3}
  m_Name: 
  m_EditorClassIdentifier: 
  m_oVisManager: {fileID: 11439342}
  m_szLastVisManagerName: VisualizerManager
  dataGroupName: High
  dataSource: 1
  numberSubDataGroups: 16
  frequencyRangeStartIndex: 135
  frequencyRangeEndIndex: 800
  boost: 44
  cutoff: 1
  debugColor: {r: 0, g: 0.7902098, b: 1, a: 1}
--- !u!114 &11459392
MonoBehaviour:
  m_ObjectHideFlags: 1
  m_PrefabParentObject: {fileID: 0}
  m_PrefabInternal: {fileID: 100100000}
  m_GameObject: {fileID: 168296}
  m_Enabled: 1
  m_EditorHideFlags: 0
  m_Script: {fileID: 11500000, guid: 420914e93707e014ab7e9ce5fb41c4d3, type: 3}
  m_Name: 
  m_EditorClassIdentifier: 
  m_oVisManager: {fileID: 11439342}
  m_szLastVisManagerName: VisualizerManager
  controllerName: High
  limitIncreaseRate: 1
  increaseRate: 20
  limitDecreaseRate: 1
  decreaseRate: 0.5
  dataGroup: {fileID: 11453572}
  m_szLastDataGroupName: High
  subValueType: 1
  finalValueType: 1
--- !u!114 &11489156
MonoBehaviour:
  m_ObjectHideFlags: 1
  m_PrefabParentObject: {fileID: 0}
  m_PrefabInternal: {fileID: 100100000}
  m_GameObject: {fileID: 168296}
  m_Enabled: 1
  m_EditorHideFlags: 0
  m_Script: {fileID: 11500000, guid: 420914e93707e014ab7e9ce5fb41c4d3, type: 3}
  m_Name: 
  m_EditorClassIdentifier: 
  m_oVisManager: {fileID: 11439342}
  m_szLastVisManagerName: VisualizerManager
  controllerName: Mid
  limitIncreaseRate: 1
  increaseRate: 20
  limitDecreaseRate: 1
  decreaseRate: 0.5
  dataGroup: {fileID: 11498444}
  m_szLastDataGroupName: Mid
  subValueType: 1
  finalValueType: 1
--- !u!114 &11495628
MonoBehaviour:
  m_ObjectHideFlags: 1
  m_PrefabParentObject: {fileID: 0}
  m_PrefabInternal: {fileID: 100100000}
  m_GameObject: {fileID: 168296}
  m_Enabled: 1
  m_EditorHideFlags: 0
  m_Script: {fileID: 11500000, guid: 420914e93707e014ab7e9ce5fb41c4d3, type: 3}
  m_Name: 
  m_EditorClassIdentifier: 
  m_oVisManager: {fileID: 11439342}
  m_szLastVisManagerName: VisualizerManager
  controllerName: Bass
  limitIncreaseRate: 1
  increaseRate: 20
  limitDecreaseRate: 1
  decreaseRate: 0.5
  dataGroup: {fileID: 11428382}
  m_szLastDataGroupName: Bass
  subValueType: 1
  finalValueType: 1
--- !u!114 &11498444
MonoBehaviour:
  m_ObjectHideFlags: 1
  m_PrefabParentObject: {fileID: 0}
  m_PrefabInternal: {fileID: 100100000}
  m_GameObject: {fileID: 168296}
  m_Enabled: 1
  m_EditorHideFlags: 0
  m_Script: {fileID: 11500000, guid: 87679b3214a434143a11476d370a1540, type: 3}
  m_Name: 
  m_EditorClassIdentifier: 
  m_oVisManager: {fileID: 11439342}
  m_szLastVisManagerName: VisualizerManager
  dataGroupName: Mid
  dataSource: 1
  numberSubDataGroups: 16
  frequencyRangeStartIndex: 21
  frequencyRangeEndIndex: 125
  boost: 20
  cutoff: 1
  debugColor: {r: 0, g: 1, b: 0.24475527, a: 1}
--- !u!1001 &100100000
Prefab:
  m_ObjectHideFlags: 1
  serializedVersion: 2
  m_Modification:
    m_TransformParent: {fileID: 0}
    m_Modifications: []
    m_RemovedComponents: []
  m_ParentPrefab: {fileID: 0}
  m_RootGameObject: {fileID: 168296}
  m_IsPrefabParent: 1
