%YAML 1.1
%TAG !u! tag:unity3d.com,2011:
--- !u!29 &1
SceneSettings:
  m_ObjectHideFlags: 0
  m_PVSData: 
  m_PVSObjectsArray: []
  m_PVSPortalsArray: []
  m_OcclusionBakeSettings:
    smallestOccluder: 5
    smallestHole: 0.25
    backfaceThreshold: 100
--- !u!104 &2
RenderSettings:
  m_ObjectHideFlags: 0
  serializedVersion: 6
  m_Fog: 0
  m_FogColor: {r: 0.5, g: 0.5, b: 0.5, a: 1}
  m_FogMode: 3
  m_FogDensity: 0.01
  m_LinearFogStart: 0
  m_LinearFogEnd: 300
  m_AmbientSkyColor: {r: 0.212, g: 0.227, b: 0.259, a: 1}
  m_AmbientEquatorColor: {r: 0.114, g: 0.125, b: 0.133, a: 1}
  m_AmbientGroundColor: {r: 0.047, g: 0.043, b: 0.035, a: 1}
  m_AmbientIntensity: 1
  m_AmbientMode: 0
  m_SkyboxMaterial: {fileID: 10304, guid: 0000000000000000f000000000000000, type: 0}
  m_HaloStrength: 0.5
  m_FlareStrength: 1
  m_FlareFadeSpeed: 3
  m_HaloTexture: {fileID: 0}
  m_SpotCookie: {fileID: 10001, guid: 0000000000000000e000000000000000, type: 0}
  m_DefaultReflectionMode: 0
  m_DefaultReflectionResolution: 128
  m_ReflectionBounces: 1
  m_ReflectionIntensity: 1
  m_CustomReflection: {fileID: 0}
  m_Sun: {fileID: 0}
--- !u!157 &4
LightmapSettings:
  m_ObjectHideFlags: 0
  serializedVersion: 6
  m_GIWorkflowMode: 0
  m_LightmapsMode: 1
  m_GISettings:
    serializedVersion: 2
    m_BounceScale: 1
    m_IndirectOutputScale: 1
    m_AlbedoBoost: 1
    m_TemporalCoherenceThreshold: 1
    m_EnvironmentLightingMode: 0
    m_EnableBakedLightmaps: 1
    m_EnableRealtimeLightmaps: 1
  m_LightmapEditorSettings:
    serializedVersion: 3
    m_Resolution: 2
    m_BakeResolution: 40
    m_TextureWidth: 1024
    m_TextureHeight: 1024
    m_AOMaxDistance: 1
    m_Padding: 2
    m_CompAOExponent: 0
    m_LightmapParameters: {fileID: 0}
    m_TextureCompression: 1
    m_FinalGather: 0
    m_FinalGatherRayCount: 1024
    m_ReflectionCompression: 2
  m_LightingDataAsset: {fileID: 0}
  m_RuntimeCPUUsage: 25
--- !u!196 &5
NavMeshSettings:
  serializedVersion: 2
  m_ObjectHideFlags: 0
  m_BuildSettings:
    serializedVersion: 2
    agentRadius: 0.5
    agentHeight: 2
    agentSlope: 45
    agentClimb: 0.4
    ledgeDropHeight: 0
    maxJumpAcrossDistance: 0
    accuratePlacement: 0
    minRegionArea: 2
    cellSize: 0.16666667
    manualCellSize: 0
  m_NavMeshData: {fileID: 0}
--- !u!1 &73846997
GameObject:
  m_ObjectHideFlags: 0
  m_PrefabParentObject: {fileID: 105594, guid: 67249a792f444fc4db4d1e7b73a33c66, type: 2}
  m_PrefabInternal: {fileID: 350093494}
  serializedVersion: 4
  m_Component:
  - 224: {fileID: 73846998}
  - 222: {fileID: 73847000}
  - 114: {fileID: 73846999}
  m_Layer: 5
  m_Name: Line
  m_TagString: Untagged
  m_Icon: {fileID: 0}
  m_NavMeshLayer: 0
  m_StaticEditorFlags: 0
  m_IsActive: 1
--- !u!224 &73846998
RectTransform:
  m_ObjectHideFlags: 0
  m_PrefabParentObject: {fileID: 22405594, guid: 67249a792f444fc4db4d1e7b73a33c66,
    type: 2}
  m_PrefabInternal: {fileID: 350093494}
  m_GameObject: {fileID: 73846997}
  m_LocalRotation: {x: 0, y: 0, z: 0.7071068, w: 0.7071068}
  m_LocalPosition: {x: 0, y: 0, z: 0}
  m_LocalScale: {x: 1, y: 1, z: 1}
  m_Children: []
  m_Father: {fileID: 1741795993}
  m_RootOrder: 2
  m_AnchorMin: {x: 0.5, y: 0.5}
  m_AnchorMax: {x: 0.5, y: 0.5}
  m_AnchoredPosition: {x: 0.0000085831, y: 56.15}
  m_SizeDelta: {x: 9.9, y: 1}
  m_Pivot: {x: 0.5, y: 0.5}
--- !u!114 &73846999
MonoBehaviour:
  m_ObjectHideFlags: 0
  m_PrefabParentObject: {fileID: 11405600, guid: 67249a792f444fc4db4d1e7b73a33c66,
    type: 2}
  m_PrefabInternal: {fileID: 350093494}
  m_GameObject: {fileID: 73846997}
  m_Enabled: 1
  m_EditorHideFlags: 0
  m_Script: {fileID: -765806418, guid: f5f67c52d1564df4a8936ccd202a3bd8, type: 3}
  m_Name: 
  m_EditorClassIdentifier: 
  m_Material: {fileID: 0}
  m_Color: {r: 1, g: 1, b: 1, a: 1}
  m_RaycastTarget: 1
  m_OnCullStateChanged:
    m_PersistentCalls:
      m_Calls: []
    m_TypeName: UnityEngine.UI.MaskableGraphic+CullStateChangedEvent, UnityEngine.UI,
      Version=1.0.0.0, Culture=neutral, PublicKeyToken=null
  m_Sprite: {fileID: 21300000, guid: 7ed1238760b863f4aafde32ab3a6f28c, type: 3}
  m_Type: 1
  m_PreserveAspect: 0
  m_FillCenter: 1
  m_FillMethod: 4
  m_FillAmount: 1
  m_FillClockwise: 1
  m_FillOrigin: 0
--- !u!222 &73847000
CanvasRenderer:
  m_ObjectHideFlags: 0
  m_PrefabParentObject: {fileID: 22205594, guid: 67249a792f444fc4db4d1e7b73a33c66,
    type: 2}
  m_PrefabInternal: {fileID: 350093494}
  m_GameObject: {fileID: 73846997}
--- !u!1 &85023651
GameObject:
  m_ObjectHideFlags: 0
  m_PrefabParentObject: {fileID: 105652, guid: 67249a792f444fc4db4d1e7b73a33c66, type: 2}
  m_PrefabInternal: {fileID: 350093494}
  serializedVersion: 4
  m_Component:
  - 224: {fileID: 85023652}
  - 222: {fileID: 85023654}
  - 114: {fileID: 85023653}
  m_Layer: 5
  m_Name: Image
  m_TagString: Untagged
  m_Icon: {fileID: 0}
  m_NavMeshLayer: 0
  m_StaticEditorFlags: 0
  m_IsActive: 1
--- !u!224 &85023652
RectTransform:
  m_ObjectHideFlags: 0
  m_PrefabParentObject: {fileID: 22405652, guid: 67249a792f444fc4db4d1e7b73a33c66,
    type: 2}
  m_PrefabInternal: {fileID: 350093494}
  m_GameObject: {fileID: 85023651}
  m_LocalRotation: {x: 0, y: 0, z: 0, w: 1}
  m_LocalPosition: {x: 0, y: 0, z: 0}
  m_LocalScale: {x: 1, y: 1, z: 1}
  m_Children:
  - {fileID: 702982212}
  - {fileID: 705074524}
  - {fileID: 1254264786}
  - {fileID: 703640930}
  m_Father: {fileID: 1542709464}
  m_RootOrder: 0
  m_AnchorMin: {x: 0.5, y: 0.5}
  m_AnchorMax: {x: 0.5, y: 0.5}
  m_AnchoredPosition: {x: -71, y: 31.5}
  m_SizeDelta: {x: 1384, y: 931}
  m_Pivot: {x: 0.5, y: 0.5}
--- !u!114 &85023653
MonoBehaviour:
  m_ObjectHideFlags: 0
  m_PrefabParentObject: {fileID: 11405670, guid: 67249a792f444fc4db4d1e7b73a33c66,
    type: 2}
  m_PrefabInternal: {fileID: 350093494}
  m_GameObject: {fileID: 85023651}
  m_Enabled: 1
  m_EditorHideFlags: 0
  m_Script: {fileID: -765806418, guid: f5f67c52d1564df4a8936ccd202a3bd8, type: 3}
  m_Name: 
  m_EditorClassIdentifier: 
  m_Material: {fileID: 0}
  m_Color: {r: 1, g: 1, b: 1, a: 1}
  m_RaycastTarget: 1
  m_OnCullStateChanged:
    m_PersistentCalls:
      m_Calls: []
    m_TypeName: UnityEngine.UI.MaskableGraphic+CullStateChangedEvent, UnityEngine.UI,
      Version=1.0.0.0, Culture=neutral, PublicKeyToken=null
  m_Sprite: {fileID: 21300000, guid: fb8f771b6ed6a07498558e646ceee548, type: 3}
  m_Type: 0
  m_PreserveAspect: 1
  m_FillCenter: 1
  m_FillMethod: 4
  m_FillAmount: 1
  m_FillClockwise: 1
  m_FillOrigin: 0
--- !u!222 &85023654
CanvasRenderer:
  m_ObjectHideFlags: 0
  m_PrefabParentObject: {fileID: 22205652, guid: 67249a792f444fc4db4d1e7b73a33c66,
    type: 2}
  m_PrefabInternal: {fileID: 350093494}
  m_GameObject: {fileID: 85023651}
--- !u!1 &149784392
GameObject:
  m_ObjectHideFlags: 0
  m_PrefabParentObject: {fileID: 105634, guid: 67249a792f444fc4db4d1e7b73a33c66, type: 2}
  m_PrefabInternal: {fileID: 350093494}
  serializedVersion: 4
  m_Component:
  - 224: {fileID: 149784393}
  - 222: {fileID: 149784395}
  - 114: {fileID: 149784394}
  m_Layer: 5
  m_Name: Text
  m_TagString: Untagged
  m_Icon: {fileID: 0}
  m_NavMeshLayer: 0
  m_StaticEditorFlags: 0
  m_IsActive: 1
--- !u!224 &149784393
RectTransform:
  m_ObjectHideFlags: 0
  m_PrefabParentObject: {fileID: 22405634, guid: 67249a792f444fc4db4d1e7b73a33c66,
    type: 2}
  m_PrefabInternal: {fileID: 350093494}
  m_GameObject: {fileID: 149784392}
  m_LocalRotation: {x: 0, y: 0, z: 0, w: 1}
  m_LocalPosition: {x: 0, y: 0, z: 0}
  m_LocalScale: {x: 1, y: 1, z: 1}
  m_Children: []
  m_Father: {fileID: 627925223}
  m_RootOrder: 4
  m_AnchorMin: {x: 0.5, y: 0.5}
  m_AnchorMax: {x: 0.5, y: 0.5}
  m_AnchoredPosition: {x: -130, y: 83.3}
  m_SizeDelta: {x: 160, y: 30}
  m_Pivot: {x: 0.5, y: 0.5}
--- !u!114 &149784394
MonoBehaviour:
  m_ObjectHideFlags: 0
  m_PrefabParentObject: {fileID: 11405648, guid: 67249a792f444fc4db4d1e7b73a33c66,
    type: 2}
  m_PrefabInternal: {fileID: 350093494}
  m_GameObject: {fileID: 149784392}
  m_Enabled: 1
  m_EditorHideFlags: 0
  m_Script: {fileID: 708705254, guid: f5f67c52d1564df4a8936ccd202a3bd8, type: 3}
  m_Name: 
  m_EditorClassIdentifier: 
  m_Material: {fileID: 0}
  m_Color: {r: 0.99607843, g: 0.99607843, b: 0.99607843, a: 1}
  m_RaycastTarget: 1
  m_OnCullStateChanged:
    m_PersistentCalls:
      m_Calls: []
    m_TypeName: UnityEngine.UI.MaskableGraphic+CullStateChangedEvent, UnityEngine.UI,
      Version=1.0.0.0, Culture=neutral, PublicKeyToken=null
  m_FontData:
    m_Font: {fileID: 10102, guid: 0000000000000000e000000000000000, type: 0}
    m_FontSize: 14
    m_FontStyle: 0
    m_BestFit: 0
    m_MinSize: 10
    m_MaxSize: 40
    m_Alignment: 4
    m_AlignByGeometry: 0
    m_RichText: 1
    m_HorizontalOverflow: 0
    m_VerticalOverflow: 0
    m_LineSpacing: 1
  m_Text: V I D E O
--- !u!222 &149784395
CanvasRenderer:
  m_ObjectHideFlags: 0
  m_PrefabParentObject: {fileID: 22205634, guid: 67249a792f444fc4db4d1e7b73a33c66,
    type: 2}
  m_PrefabInternal: {fileID: 350093494}
  m_GameObject: {fileID: 149784392}
--- !u!1 &239415038
GameObject:
  m_ObjectHideFlags: 0
  m_PrefabParentObject: {fileID: 105622, guid: 67249a792f444fc4db4d1e7b73a33c66, type: 2}
  m_PrefabInternal: {fileID: 350093494}
  serializedVersion: 4
  m_Component:
  - 224: {fileID: 239415039}
  - 222: {fileID: 239415041}
  - 114: {fileID: 239415040}
  m_Layer: 5
  m_Name: Text
  m_TagString: Untagged
  m_Icon: {fileID: 0}
  m_NavMeshLayer: 0
  m_StaticEditorFlags: 0
  m_IsActive: 1
--- !u!224 &239415039
RectTransform:
  m_ObjectHideFlags: 0
  m_PrefabParentObject: {fileID: 22405622, guid: 67249a792f444fc4db4d1e7b73a33c66,
    type: 2}
  m_PrefabInternal: {fileID: 350093494}
  m_GameObject: {fileID: 239415038}
  m_LocalRotation: {x: 0, y: 0, z: 0, w: 1}
  m_LocalPosition: {x: 0, y: 0, z: 0}
  m_LocalScale: {x: 1, y: 1, z: 1}
  m_Children:
  - {fileID: 1798804617}
  m_Father: {fileID: 627925223}
  m_RootOrder: 3
  m_AnchorMin: {x: 0.5, y: 0.5}
  m_AnchorMax: {x: 0.5, y: 0.5}
  m_AnchoredPosition: {x: 0, y: 83.3}
  m_SizeDelta: {x: 160, y: 30}
  m_Pivot: {x: 0.5, y: 0.5}
--- !u!114 &239415040
MonoBehaviour:
  m_ObjectHideFlags: 0
  m_PrefabParentObject: {fileID: 11405632, guid: 67249a792f444fc4db4d1e7b73a33c66,
    type: 2}
  m_PrefabInternal: {fileID: 350093494}
  m_GameObject: {fileID: 239415038}
  m_Enabled: 1
  m_EditorHideFlags: 0
  m_Script: {fileID: 708705254, guid: f5f67c52d1564df4a8936ccd202a3bd8, type: 3}
  m_Name: 
  m_EditorClassIdentifier: 
  m_Material: {fileID: 0}
  m_Color: {r: 0.99607843, g: 0.99607843, b: 0.99607843, a: 1}
  m_RaycastTarget: 1
  m_OnCullStateChanged:
    m_PersistentCalls:
      m_Calls: []
    m_TypeName: UnityEngine.UI.MaskableGraphic+CullStateChangedEvent, UnityEngine.UI,
      Version=1.0.0.0, Culture=neutral, PublicKeyToken=null
  m_FontData:
    m_Font: {fileID: 10102, guid: 0000000000000000e000000000000000, type: 0}
    m_FontSize: 14
    m_FontStyle: 0
    m_BestFit: 0
    m_MinSize: 10
    m_MaxSize: 40
    m_Alignment: 4
    m_AlignByGeometry: 0
    m_RichText: 1
    m_HorizontalOverflow: 0
    m_VerticalOverflow: 0
    m_LineSpacing: 1
  m_Text: P H O T O
--- !u!222 &239415041
CanvasRenderer:
  m_ObjectHideFlags: 0
  m_PrefabParentObject: {fileID: 22205622, guid: 67249a792f444fc4db4d1e7b73a33c66,
    type: 2}
  m_PrefabInternal: {fileID: 350093494}
  m_GameObject: {fileID: 239415038}
--- !u!1 &336052043
GameObject:
  m_ObjectHideFlags: 0
  m_PrefabParentObject: {fileID: 105620, guid: 67249a792f444fc4db4d1e7b73a33c66, type: 2}
  m_PrefabInternal: {fileID: 350093494}
  serializedVersion: 4
  m_Component:
  - 224: {fileID: 336052044}
  - 222: {fileID: 336052046}
  - 114: {fileID: 336052045}
  m_Layer: 5
  m_Name: Line
  m_TagString: Untagged
  m_Icon: {fileID: 0}
  m_NavMeshLayer: 0
  m_StaticEditorFlags: 0
  m_IsActive: 1
--- !u!224 &336052044
RectTransform:
  m_ObjectHideFlags: 0
  m_PrefabParentObject: {fileID: 22405620, guid: 67249a792f444fc4db4d1e7b73a33c66,
    type: 2}
  m_PrefabInternal: {fileID: 350093494}
  m_GameObject: {fileID: 336052043}
  m_LocalRotation: {x: 0, y: 0, z: 0, w: 1}
  m_LocalPosition: {x: 0, y: 0, z: 0}
  m_LocalScale: {x: 1, y: 1, z: 1}
  m_Children: []
  m_Father: {fileID: 1741795993}
  m_RootOrder: 1
  m_AnchorMin: {x: 0.5, y: 0.5}
  m_AnchorMax: {x: 0.5, y: 0.5}
  m_AnchoredPosition: {x: 55.89, y: 0}
  m_SizeDelta: {x: 9.9, y: 1}
  m_Pivot: {x: 0.5, y: 0.5}
--- !u!114 &336052045
MonoBehaviour:
  m_ObjectHideFlags: 0
  m_PrefabParentObject: {fileID: 11405630, guid: 67249a792f444fc4db4d1e7b73a33c66,
    type: 2}
  m_PrefabInternal: {fileID: 350093494}
  m_GameObject: {fileID: 336052043}
  m_Enabled: 1
  m_EditorHideFlags: 0
  m_Script: {fileID: -765806418, guid: f5f67c52d1564df4a8936ccd202a3bd8, type: 3}
  m_Name: 
  m_EditorClassIdentifier: 
  m_Material: {fileID: 0}
  m_Color: {r: 1, g: 1, b: 1, a: 1}
  m_RaycastTarget: 1
  m_OnCullStateChanged:
    m_PersistentCalls:
      m_Calls: []
    m_TypeName: UnityEngine.UI.MaskableGraphic+CullStateChangedEvent, UnityEngine.UI,
      Version=1.0.0.0, Culture=neutral, PublicKeyToken=null
  m_Sprite: {fileID: 21300000, guid: 7ed1238760b863f4aafde32ab3a6f28c, type: 3}
  m_Type: 1
  m_PreserveAspect: 0
  m_FillCenter: 1
  m_FillMethod: 4
  m_FillAmount: 1
  m_FillClockwise: 1
  m_FillOrigin: 0
--- !u!222 &336052046
CanvasRenderer:
  m_ObjectHideFlags: 0
  m_PrefabParentObject: {fileID: 22205620, guid: 67249a792f444fc4db4d1e7b73a33c66,
    type: 2}
  m_PrefabInternal: {fileID: 350093494}
  m_GameObject: {fileID: 336052043}
--- !u!1001 &350093494
Prefab:
  m_ObjectHideFlags: 0
  serializedVersion: 2
  m_Modification:
    m_TransformParent: {fileID: 0}
    m_Modifications:
    - target: {fileID: 22405646, guid: 67249a792f444fc4db4d1e7b73a33c66, type: 2}
      propertyPath: m_LocalPosition.x
      value: 0
      objectReference: {fileID: 0}
    - target: {fileID: 22405646, guid: 67249a792f444fc4db4d1e7b73a33c66, type: 2}
      propertyPath: m_LocalPosition.y
      value: 0
      objectReference: {fileID: 0}
    - target: {fileID: 22405646, guid: 67249a792f444fc4db4d1e7b73a33c66, type: 2}
      propertyPath: m_LocalPosition.z
      value: 0
      objectReference: {fileID: 0}
    - target: {fileID: 22405646, guid: 67249a792f444fc4db4d1e7b73a33c66, type: 2}
      propertyPath: m_LocalRotation.x
      value: 0
      objectReference: {fileID: 0}
    - target: {fileID: 22405646, guid: 67249a792f444fc4db4d1e7b73a33c66, type: 2}
      propertyPath: m_LocalRotation.y
      value: 0
      objectReference: {fileID: 0}
    - target: {fileID: 22405646, guid: 67249a792f444fc4db4d1e7b73a33c66, type: 2}
      propertyPath: m_LocalRotation.z
      value: 0
      objectReference: {fileID: 0}
    - target: {fileID: 22405646, guid: 67249a792f444fc4db4d1e7b73a33c66, type: 2}
      propertyPath: m_LocalRotation.w
      value: 1
      objectReference: {fileID: 0}
    - target: {fileID: 22405646, guid: 67249a792f444fc4db4d1e7b73a33c66, type: 2}
      propertyPath: m_RootOrder
      value: 0
      objectReference: {fileID: 0}
    - target: {fileID: 22405646, guid: 67249a792f444fc4db4d1e7b73a33c66, type: 2}
      propertyPath: m_AnchoredPosition.x
      value: 0
      objectReference: {fileID: 0}
    - target: {fileID: 22405646, guid: 67249a792f444fc4db4d1e7b73a33c66, type: 2}
      propertyPath: m_AnchoredPosition.y
      value: 0
      objectReference: {fileID: 0}
    - target: {fileID: 22405646, guid: 67249a792f444fc4db4d1e7b73a33c66, type: 2}
      propertyPath: m_SizeDelta.x
      value: 0
      objectReference: {fileID: 0}
    - target: {fileID: 22405646, guid: 67249a792f444fc4db4d1e7b73a33c66, type: 2}
      propertyPath: m_SizeDelta.y
      value: 0
      objectReference: {fileID: 0}
    - target: {fileID: 22405646, guid: 67249a792f444fc4db4d1e7b73a33c66, type: 2}
      propertyPath: m_AnchorMin.x
      value: 0
      objectReference: {fileID: 0}
    - target: {fileID: 22405646, guid: 67249a792f444fc4db4d1e7b73a33c66, type: 2}
      propertyPath: m_AnchorMin.y
      value: 0
      objectReference: {fileID: 0}
    - target: {fileID: 22405646, guid: 67249a792f444fc4db4d1e7b73a33c66, type: 2}
      propertyPath: m_AnchorMax.x
      value: 0
      objectReference: {fileID: 0}
    - target: {fileID: 22405646, guid: 67249a792f444fc4db4d1e7b73a33c66, type: 2}
      propertyPath: m_AnchorMax.y
      value: 0
      objectReference: {fileID: 0}
    - target: {fileID: 22405646, guid: 67249a792f444fc4db4d1e7b73a33c66, type: 2}
      propertyPath: m_Pivot.x
      value: 0
      objectReference: {fileID: 0}
    - target: {fileID: 22405646, guid: 67249a792f444fc4db4d1e7b73a33c66, type: 2}
      propertyPath: m_Pivot.y
      value: 0
      objectReference: {fileID: 0}
    m_RemovedComponents: []
  m_ParentPrefab: {fileID: 100100000, guid: 67249a792f444fc4db4d1e7b73a33c66, type: 2}
  m_RootGameObject: {fileID: 1805688057}
  m_IsPrefabParent: 0
--- !u!1 &382034256
GameObject:
  m_ObjectHideFlags: 0
  m_PrefabParentObject: {fileID: 105658, guid: 67249a792f444fc4db4d1e7b73a33c66, type: 2}
  m_PrefabInternal: {fileID: 350093494}
  serializedVersion: 4
  m_Component:
  - 224: {fileID: 382034257}
  - 222: {fileID: 382034259}
  - 114: {fileID: 382034258}
  m_Layer: 5
  m_Name: Line
  m_TagString: Untagged
  m_Icon: {fileID: 0}
  m_NavMeshLayer: 0
  m_StaticEditorFlags: 0
  m_IsActive: 1
--- !u!224 &382034257
RectTransform:
  m_ObjectHideFlags: 0
  m_PrefabParentObject: {fileID: 22405658, guid: 67249a792f444fc4db4d1e7b73a33c66,
    type: 2}
  m_PrefabInternal: {fileID: 350093494}
  m_GameObject: {fileID: 382034256}
  m_LocalRotation: {x: 0, y: 0, z: 0.7071068, w: 0.7071068}
  m_LocalPosition: {x: 0, y: 0, z: 0}
  m_LocalScale: {x: 1, y: 1, z: 1}
  m_Children: []
  m_Father: {fileID: 1741795993}
  m_RootOrder: 3
  m_AnchorMin: {x: 0.5, y: 0.5}
  m_AnchorMax: {x: 0.5, y: 0.5}
  m_AnchoredPosition: {x: 0, y: -56}
  m_SizeDelta: {x: 9.9, y: 1}
  m_Pivot: {x: 0.5, y: 0.5}
--- !u!114 &382034258
MonoBehaviour:
  m_ObjectHideFlags: 0
  m_PrefabParentObject: {fileID: 11405676, guid: 67249a792f444fc4db4d1e7b73a33c66,
    type: 2}
  m_PrefabInternal: {fileID: 350093494}
  m_GameObject: {fileID: 382034256}
  m_Enabled: 1
  m_EditorHideFlags: 0
  m_Script: {fileID: -765806418, guid: f5f67c52d1564df4a8936ccd202a3bd8, type: 3}
  m_Name: 
  m_EditorClassIdentifier: 
  m_Material: {fileID: 0}
  m_Color: {r: 1, g: 1, b: 1, a: 1}
  m_RaycastTarget: 1
  m_OnCullStateChanged:
    m_PersistentCalls:
      m_Calls: []
    m_TypeName: UnityEngine.UI.MaskableGraphic+CullStateChangedEvent, UnityEngine.UI,
      Version=1.0.0.0, Culture=neutral, PublicKeyToken=null
  m_Sprite: {fileID: 21300000, guid: 7ed1238760b863f4aafde32ab3a6f28c, type: 3}
  m_Type: 1
  m_PreserveAspect: 0
  m_FillCenter: 1
  m_FillMethod: 4
  m_FillAmount: 1
  m_FillClockwise: 1
  m_FillOrigin: 0
--- !u!222 &382034259
CanvasRenderer:
  m_ObjectHideFlags: 0
  m_PrefabParentObject: {fileID: 22205658, guid: 67249a792f444fc4db4d1e7b73a33c66,
    type: 2}
  m_PrefabInternal: {fileID: 350093494}
  m_GameObject: {fileID: 382034256}
--- !u!1 &476028773
GameObject:
  m_ObjectHideFlags: 0
  m_PrefabParentObject: {fileID: 105598, guid: 67249a792f444fc4db4d1e7b73a33c66, type: 2}
  m_PrefabInternal: {fileID: 350093494}
  serializedVersion: 4
  m_Component:
  - 224: {fileID: 476028774}
  - 222: {fileID: 476028777}
  - 114: {fileID: 476028776}
  - 114: {fileID: 476028775}
  m_Layer: 5
  m_Name: Button
  m_TagString: Untagged
  m_Icon: {fileID: 0}
  m_NavMeshLayer: 0
  m_StaticEditorFlags: 0
  m_IsActive: 1
--- !u!224 &476028774
RectTransform:
  m_ObjectHideFlags: 0
  m_PrefabParentObject: {fileID: 22405598, guid: 67249a792f444fc4db4d1e7b73a33c66,
    type: 2}
  m_PrefabInternal: {fileID: 350093494}
  m_GameObject: {fileID: 476028773}
  m_LocalRotation: {x: 0, y: 0, z: 0, w: 1}
  m_LocalPosition: {x: 0, y: 0, z: 0}
  m_LocalScale: {x: 1, y: 1, z: 1}
  m_Children: []
  m_Father: {fileID: 1501250308}
  m_RootOrder: 0
  m_AnchorMin: {x: 0.5, y: 0.5}
  m_AnchorMax: {x: 0.5, y: 0.5}
  m_AnchoredPosition: {x: 250, y: 0}
  m_SizeDelta: {x: 49, y: 35}
  m_Pivot: {x: 0.5, y: 0.5}
--- !u!114 &476028775
MonoBehaviour:
  m_ObjectHideFlags: 0
  m_PrefabParentObject: {fileID: 11405604, guid: 67249a792f444fc4db4d1e7b73a33c66,
    type: 2}
  m_PrefabInternal: {fileID: 350093494}
  m_GameObject: {fileID: 476028773}
  m_Enabled: 1
  m_EditorHideFlags: 0
  m_Script: {fileID: 1392445389, guid: f5f67c52d1564df4a8936ccd202a3bd8, type: 3}
  m_Name: 
  m_EditorClassIdentifier: 
  m_Navigation:
    m_Mode: 3
    m_SelectOnUp: {fileID: 0}
    m_SelectOnDown: {fileID: 0}
    m_SelectOnLeft: {fileID: 0}
    m_SelectOnRight: {fileID: 0}
  m_Transition: 1
  m_Colors:
    m_NormalColor: {r: 1, g: 1, b: 1, a: 1}
    m_HighlightedColor: {r: 0.9607843, g: 0.9607843, b: 0.9607843, a: 1}
    m_PressedColor: {r: 0.78431374, g: 0.78431374, b: 0.78431374, a: 1}
    m_DisabledColor: {r: 0.78431374, g: 0.78431374, b: 0.78431374, a: 0.5019608}
    m_ColorMultiplier: 1
    m_FadeDuration: 0.1
  m_SpriteState:
    m_HighlightedSprite: {fileID: 0}
    m_PressedSprite: {fileID: 0}
    m_DisabledSprite: {fileID: 0}
  m_AnimationTriggers:
    m_NormalTrigger: Normal
    m_HighlightedTrigger: Highlighted
    m_PressedTrigger: Pressed
    m_DisabledTrigger: Disabled
  m_Interactable: 1
  m_TargetGraphic: {fileID: 476028776}
  m_OnClick:
    m_PersistentCalls:
      m_Calls: []
    m_TypeName: UnityEngine.UI.Button+ButtonClickedEvent, UnityEngine.UI, Version=1.0.0.0,
      Culture=neutral, PublicKeyToken=null
--- !u!114 &476028776
MonoBehaviour:
  m_ObjectHideFlags: 0
  m_PrefabParentObject: {fileID: 11405606, guid: 67249a792f444fc4db4d1e7b73a33c66,
    type: 2}
  m_PrefabInternal: {fileID: 350093494}
  m_GameObject: {fileID: 476028773}
  m_Enabled: 1
  m_EditorHideFlags: 0
  m_Script: {fileID: -765806418, guid: f5f67c52d1564df4a8936ccd202a3bd8, type: 3}
  m_Name: 
  m_EditorClassIdentifier: 
  m_Material: {fileID: 0}
  m_Color: {r: 1, g: 1, b: 1, a: 0.827451}
  m_RaycastTarget: 1
  m_OnCullStateChanged:
    m_PersistentCalls:
      m_Calls: []
    m_TypeName: UnityEngine.UI.MaskableGraphic+CullStateChangedEvent, UnityEngine.UI,
      Version=1.0.0.0, Culture=neutral, PublicKeyToken=null
  m_Sprite: {fileID: 21300000, guid: 7d85efad91ae34f2da148e55478622e7, type: 3}
  m_Type: 0
  m_PreserveAspect: 0
  m_FillCenter: 1
  m_FillMethod: 4
  m_FillAmount: 1
  m_FillClockwise: 1
  m_FillOrigin: 0
--- !u!222 &476028777
CanvasRenderer:
  m_ObjectHideFlags: 0
  m_PrefabParentObject: {fileID: 22205598, guid: 67249a792f444fc4db4d1e7b73a33c66,
    type: 2}
  m_PrefabInternal: {fileID: 350093494}
  m_GameObject: {fileID: 476028773}
--- !u!1 &557368037
GameObject:
  m_ObjectHideFlags: 0
  m_PrefabParentObject: {fileID: 105624, guid: 67249a792f444fc4db4d1e7b73a33c66, type: 2}
  m_PrefabInternal: {fileID: 350093494}
  serializedVersion: 4
  m_Component:
  - 224: {fileID: 557368038}
  - 222: {fileID: 557368041}
  - 114: {fileID: 557368040}
  - 114: {fileID: 557368039}
  m_Layer: 5
  m_Name: Image
  m_TagString: Untagged
  m_Icon: {fileID: 0}
  m_NavMeshLayer: 0
  m_StaticEditorFlags: 0
  m_IsActive: 1
--- !u!224 &557368038
RectTransform:
  m_ObjectHideFlags: 0
  m_PrefabParentObject: {fileID: 22405624, guid: 67249a792f444fc4db4d1e7b73a33c66,
    type: 2}
  m_PrefabInternal: {fileID: 350093494}
  m_GameObject: {fileID: 557368037}
  m_LocalRotation: {x: 0, y: 0, z: 0, w: 1}
  m_LocalPosition: {x: 0, y: 0, z: 0}
  m_LocalScale: {x: 1, y: 1, z: 1}
  m_Children:
  - {fileID: 1166793436}
  m_Father: {fileID: 627925223}
  m_RootOrder: 2
  m_AnchorMin: {x: 0.5, y: 0.5}
  m_AnchorMax: {x: 0.5, y: 0.5}
  m_AnchoredPosition: {x: -224, y: -12}
  m_SizeDelta: {x: 100, y: 100}
  m_Pivot: {x: 0.5, y: 0.5}
--- !u!114 &557368039
MonoBehaviour:
  m_ObjectHideFlags: 0
  m_PrefabParentObject: {fileID: 11405634, guid: 67249a792f444fc4db4d1e7b73a33c66,
    type: 2}
  m_PrefabInternal: {fileID: 350093494}
  m_GameObject: {fileID: 557368037}
  m_Enabled: 1
  m_EditorHideFlags: 0
  m_Script: {fileID: -1200242548, guid: f5f67c52d1564df4a8936ccd202a3bd8, type: 3}
  m_Name: 
  m_EditorClassIdentifier: 
  m_ShowMaskGraphic: 1
--- !u!114 &557368040
MonoBehaviour:
  m_ObjectHideFlags: 0
  m_PrefabParentObject: {fileID: 11405636, guid: 67249a792f444fc4db4d1e7b73a33c66,
    type: 2}
  m_PrefabInternal: {fileID: 350093494}
  m_GameObject: {fileID: 557368037}
  m_Enabled: 1
  m_EditorHideFlags: 0
  m_Script: {fileID: -765806418, guid: f5f67c52d1564df4a8936ccd202a3bd8, type: 3}
  m_Name: 
  m_EditorClassIdentifier: 
  m_Material: {fileID: 0}
  m_Color: {r: 1, g: 1, b: 1, a: 1}
  m_RaycastTarget: 1
  m_OnCullStateChanged:
    m_PersistentCalls:
      m_Calls: []
    m_TypeName: UnityEngine.UI.MaskableGraphic+CullStateChangedEvent, UnityEngine.UI,
      Version=1.0.0.0, Culture=neutral, PublicKeyToken=null
  m_Sprite: {fileID: 0}
  m_Type: 0
  m_PreserveAspect: 0
  m_FillCenter: 1
  m_FillMethod: 4
  m_FillAmount: 1
  m_FillClockwise: 1
  m_FillOrigin: 0
--- !u!222 &557368041
CanvasRenderer:
  m_ObjectHideFlags: 0
  m_PrefabParentObject: {fileID: 22205624, guid: 67249a792f444fc4db4d1e7b73a33c66,
    type: 2}
  m_PrefabInternal: {fileID: 350093494}
  m_GameObject: {fileID: 557368037}
--- !u!1 &627925222
GameObject:
  m_ObjectHideFlags: 0
  m_PrefabParentObject: {fileID: 105638, guid: 67249a792f444fc4db4d1e7b73a33c66, type: 2}
  m_PrefabInternal: {fileID: 350093494}
  serializedVersion: 4
  m_Component:
  - 224: {fileID: 627925223}
  - 222: {fileID: 627925225}
  - 114: {fileID: 627925224}
  m_Layer: 5
  m_Name: BottomPanel
  m_TagString: Untagged
  m_Icon: {fileID: 0}
  m_NavMeshLayer: 0
  m_StaticEditorFlags: 0
  m_IsActive: 1
--- !u!224 &627925223
RectTransform:
  m_ObjectHideFlags: 0
  m_PrefabParentObject: {fileID: 22405638, guid: 67249a792f444fc4db4d1e7b73a33c66,
    type: 2}
  m_PrefabInternal: {fileID: 350093494}
  m_GameObject: {fileID: 627925222}
  m_LocalRotation: {x: 0, y: 0, z: 0, w: 1}
  m_LocalPosition: {x: 0, y: 0, z: 0}
  m_LocalScale: {x: 1, y: 1, z: 1}
  m_Children:
  - {fileID: 1057357453}
  - {fileID: 1252992662}
  - {fileID: 557368038}
  - {fileID: 239415039}
  - {fileID: 149784393}
  - {fileID: 1732610062}
  - {fileID: 1352048689}
  - {fileID: 1935809399}
  m_Father: {fileID: 1542709464}
  m_RootOrder: 3
  m_AnchorMin: {x: 0.5, y: 0.5}
  m_AnchorMax: {x: 0.5, y: 0.5}
  m_AnchoredPosition: {x: 0, y: -460}
  m_SizeDelta: {x: 640, y: 217}
  m_Pivot: {x: 0.5, y: 0.5}
--- !u!114 &627925224
MonoBehaviour:
  m_ObjectHideFlags: 0
  m_PrefabParentObject: {fileID: 11405652, guid: 67249a792f444fc4db4d1e7b73a33c66,
    type: 2}
  m_PrefabInternal: {fileID: 350093494}
  m_GameObject: {fileID: 627925222}
  m_Enabled: 1
  m_EditorHideFlags: 0
  m_Script: {fileID: -765806418, guid: f5f67c52d1564df4a8936ccd202a3bd8, type: 3}
  m_Name: 
  m_EditorClassIdentifier: 
  m_Material: {fileID: 0}
  m_Color: {r: 0.08088237, g: 0.08088237, b: 0.08088237, a: 1}
  m_RaycastTarget: 1
  m_OnCullStateChanged:
    m_PersistentCalls:
      m_Calls: []
    m_TypeName: UnityEngine.UI.MaskableGraphic+CullStateChangedEvent, UnityEngine.UI,
      Version=1.0.0.0, Culture=neutral, PublicKeyToken=null
  m_Sprite: {fileID: 21300000, guid: 7ed1238760b863f4aafde32ab3a6f28c, type: 3}
  m_Type: 1
  m_PreserveAspect: 0
  m_FillCenter: 1
  m_FillMethod: 4
  m_FillAmount: 1
  m_FillClockwise: 1
  m_FillOrigin: 0
--- !u!222 &627925225
CanvasRenderer:
  m_ObjectHideFlags: 0
  m_PrefabParentObject: {fileID: 22205638, guid: 67249a792f444fc4db4d1e7b73a33c66,
    type: 2}
  m_PrefabInternal: {fileID: 350093494}
  m_GameObject: {fileID: 627925222}
--- !u!1 &702982211
GameObject:
  m_ObjectHideFlags: 0
  m_PrefabParentObject: {fileID: 105612, guid: 67249a792f444fc4db4d1e7b73a33c66, type: 2}
  m_PrefabInternal: {fileID: 350093494}
  serializedVersion: 4
  m_Component:
  - 224: {fileID: 702982212}
  - 222: {fileID: 702982214}
  - 114: {fileID: 702982213}
  m_Layer: 5
  m_Name: Line
  m_TagString: Untagged
  m_Icon: {fileID: 0}
  m_NavMeshLayer: 0
  m_StaticEditorFlags: 0
  m_IsActive: 1
--- !u!224 &702982212
RectTransform:
  m_ObjectHideFlags: 0
  m_PrefabParentObject: {fileID: 22405612, guid: 67249a792f444fc4db4d1e7b73a33c66,
    type: 2}
  m_PrefabInternal: {fileID: 350093494}
  m_GameObject: {fileID: 702982211}
  m_LocalRotation: {x: 0, y: 0, z: 0, w: 1}
  m_LocalPosition: {x: 0, y: 0, z: 0}
  m_LocalScale: {x: 1, y: 1, z: 1}
  m_Children: []
  m_Father: {fileID: 85023652}
  m_RootOrder: 0
  m_AnchorMin: {x: 0.5, y: 0.5}
  m_AnchorMax: {x: 0.5, y: 0.5}
  m_AnchoredPosition: {x: 211, y: 26.5}
  m_SizeDelta: {x: 1, y: 819}
  m_Pivot: {x: 0.5, y: 0.5}
--- !u!114 &702982213
MonoBehaviour:
  m_ObjectHideFlags: 0
  m_PrefabParentObject: {fileID: 11405622, guid: 67249a792f444fc4db4d1e7b73a33c66,
    type: 2}
  m_PrefabInternal: {fileID: 350093494}
  m_GameObject: {fileID: 702982211}
  m_Enabled: 1
  m_EditorHideFlags: 0
  m_Script: {fileID: -765806418, guid: f5f67c52d1564df4a8936ccd202a3bd8, type: 3}
  m_Name: 
  m_EditorClassIdentifier: 
  m_Material: {fileID: 0}
  m_Color: {r: 1, g: 1, b: 1, a: 1}
  m_RaycastTarget: 1
  m_OnCullStateChanged:
    m_PersistentCalls:
      m_Calls: []
    m_TypeName: UnityEngine.UI.MaskableGraphic+CullStateChangedEvent, UnityEngine.UI,
      Version=1.0.0.0, Culture=neutral, PublicKeyToken=null
  m_Sprite: {fileID: 21300000, guid: 7ed1238760b863f4aafde32ab3a6f28c, type: 3}
  m_Type: 1
  m_PreserveAspect: 0
  m_FillCenter: 1
  m_FillMethod: 4
  m_FillAmount: 1
  m_FillClockwise: 1
  m_FillOrigin: 0
--- !u!222 &702982214
CanvasRenderer:
  m_ObjectHideFlags: 0
  m_PrefabParentObject: {fileID: 22205612, guid: 67249a792f444fc4db4d1e7b73a33c66,
    type: 2}
  m_PrefabInternal: {fileID: 350093494}
  m_GameObject: {fileID: 702982211}
--- !u!1 &703640929
GameObject:
  m_ObjectHideFlags: 0
  m_PrefabParentObject: {fileID: 105654, guid: 67249a792f444fc4db4d1e7b73a33c66, type: 2}
  m_PrefabInternal: {fileID: 350093494}
  serializedVersion: 4
  m_Component:
  - 224: {fileID: 703640930}
  - 222: {fileID: 703640932}
  - 114: {fileID: 703640931}
  m_Layer: 5
  m_Name: Line
  m_TagString: Untagged
  m_Icon: {fileID: 0}
  m_NavMeshLayer: 0
  m_StaticEditorFlags: 0
  m_IsActive: 1
--- !u!224 &703640930
RectTransform:
  m_ObjectHideFlags: 0
  m_PrefabParentObject: {fileID: 22405654, guid: 67249a792f444fc4db4d1e7b73a33c66,
    type: 2}
  m_PrefabInternal: {fileID: 350093494}
  m_GameObject: {fileID: 703640929}
  m_LocalRotation: {x: 0, y: 0, z: 0, w: 1}
  m_LocalPosition: {x: 0, y: 0, z: 0}
  m_LocalScale: {x: 1, y: 1, z: 1}
  m_Children: []
  m_Father: {fileID: 85023652}
  m_RootOrder: 3
  m_AnchorMin: {x: 0.5, y: 0.5}
  m_AnchorMax: {x: 0.5, y: 0.5}
  m_AnchoredPosition: {x: 71.00244, y: -91.8}
  m_SizeDelta: {x: 640.01, y: 1}
  m_Pivot: {x: 0.5, y: 0.5}
--- !u!114 &703640931
MonoBehaviour:
  m_ObjectHideFlags: 0
  m_PrefabParentObject: {fileID: 11405672, guid: 67249a792f444fc4db4d1e7b73a33c66,
    type: 2}
  m_PrefabInternal: {fileID: 350093494}
  m_GameObject: {fileID: 703640929}
  m_Enabled: 1
  m_EditorHideFlags: 0
  m_Script: {fileID: -765806418, guid: f5f67c52d1564df4a8936ccd202a3bd8, type: 3}
  m_Name: 
  m_EditorClassIdentifier: 
  m_Material: {fileID: 0}
  m_Color: {r: 1, g: 1, b: 1, a: 1}
  m_RaycastTarget: 1
  m_OnCullStateChanged:
    m_PersistentCalls:
      m_Calls: []
    m_TypeName: UnityEngine.UI.MaskableGraphic+CullStateChangedEvent, UnityEngine.UI,
      Version=1.0.0.0, Culture=neutral, PublicKeyToken=null
  m_Sprite: {fileID: 21300000, guid: 7ed1238760b863f4aafde32ab3a6f28c, type: 3}
  m_Type: 1
  m_PreserveAspect: 0
  m_FillCenter: 1
  m_FillMethod: 4
  m_FillAmount: 1
  m_FillClockwise: 1
  m_FillOrigin: 0
--- !u!222 &703640932
CanvasRenderer:
  m_ObjectHideFlags: 0
  m_PrefabParentObject: {fileID: 22205654, guid: 67249a792f444fc4db4d1e7b73a33c66,
    type: 2}
  m_PrefabInternal: {fileID: 350093494}
  m_GameObject: {fileID: 703640929}
--- !u!1 &705074523
GameObject:
  m_ObjectHideFlags: 0
  m_PrefabParentObject: {fileID: 105614, guid: 67249a792f444fc4db4d1e7b73a33c66, type: 2}
  m_PrefabInternal: {fileID: 350093494}
  serializedVersion: 4
  m_Component:
  - 224: {fileID: 705074524}
  - 222: {fileID: 705074526}
  - 114: {fileID: 705074525}
  m_Layer: 5
  m_Name: Line
  m_TagString: Untagged
  m_Icon: {fileID: 0}
  m_NavMeshLayer: 0
  m_StaticEditorFlags: 0
  m_IsActive: 1
--- !u!224 &705074524
RectTransform:
  m_ObjectHideFlags: 0
  m_PrefabParentObject: {fileID: 22405614, guid: 67249a792f444fc4db4d1e7b73a33c66,
    type: 2}
  m_PrefabInternal: {fileID: 350093494}
  m_GameObject: {fileID: 705074523}
  m_LocalRotation: {x: 0, y: 0, z: 0, w: 1}
  m_LocalPosition: {x: 0, y: 0, z: 0}
  m_LocalScale: {x: 1, y: 1, z: 1}
  m_Children: []
  m_Father: {fileID: 85023652}
  m_RootOrder: 1
  m_AnchorMin: {x: 0.5, y: 0.5}
  m_AnchorMax: {x: 0.5, y: 0.5}
  m_AnchoredPosition: {x: -69, y: 26.5}
  m_SizeDelta: {x: 1, y: 819}
  m_Pivot: {x: 0.5, y: 0.5}
--- !u!114 &705074525
MonoBehaviour:
  m_ObjectHideFlags: 0
  m_PrefabParentObject: {fileID: 11405624, guid: 67249a792f444fc4db4d1e7b73a33c66,
    type: 2}
  m_PrefabInternal: {fileID: 350093494}
  m_GameObject: {fileID: 705074523}
  m_Enabled: 1
  m_EditorHideFlags: 0
  m_Script: {fileID: -765806418, guid: f5f67c52d1564df4a8936ccd202a3bd8, type: 3}
  m_Name: 
  m_EditorClassIdentifier: 
  m_Material: {fileID: 0}
  m_Color: {r: 1, g: 1, b: 1, a: 1}
  m_RaycastTarget: 1
  m_OnCullStateChanged:
    m_PersistentCalls:
      m_Calls: []
    m_TypeName: UnityEngine.UI.MaskableGraphic+CullStateChangedEvent, UnityEngine.UI,
      Version=1.0.0.0, Culture=neutral, PublicKeyToken=null
  m_Sprite: {fileID: 21300000, guid: 7ed1238760b863f4aafde32ab3a6f28c, type: 3}
  m_Type: 1
  m_PreserveAspect: 0
  m_FillCenter: 1
  m_FillMethod: 4
  m_FillAmount: 1
  m_FillClockwise: 1
  m_FillOrigin: 0
--- !u!222 &705074526
CanvasRenderer:
  m_ObjectHideFlags: 0
  m_PrefabParentObject: {fileID: 22205614, guid: 67249a792f444fc4db4d1e7b73a33c66,
    type: 2}
  m_PrefabInternal: {fileID: 350093494}
  m_GameObject: {fileID: 705074523}
--- !u!1 &761785039
GameObject:
  m_ObjectHideFlags: 0
  m_PrefabParentObject: {fileID: 105608, guid: 67249a792f444fc4db4d1e7b73a33c66, type: 2}
  m_PrefabInternal: {fileID: 350093494}
  serializedVersion: 4
  m_Component:
  - 224: {fileID: 761785040}
  - 222: {fileID: 761785042}
  - 114: {fileID: 761785041}
  m_Layer: 5
  m_Name: Image
  m_TagString: Untagged
  m_Icon: {fileID: 0}
  m_NavMeshLayer: 0
  m_StaticEditorFlags: 0
  m_IsActive: 1
--- !u!224 &761785040
RectTransform:
  m_ObjectHideFlags: 0
  m_PrefabParentObject: {fileID: 22405608, guid: 67249a792f444fc4db4d1e7b73a33c66,
    type: 2}
  m_PrefabInternal: {fileID: 350093494}
  m_GameObject: {fileID: 761785039}
  m_LocalRotation: {x: 0, y: 0, z: 0, w: 1}
  m_LocalPosition: {x: 0, y: 0, z: 0}
  m_LocalScale: {x: 1, y: 1, z: 1}
  m_Children: []
  m_Father: {fileID: 1057357453}
  m_RootOrder: 0
  m_AnchorMin: {x: 0.5, y: 0.5}
  m_AnchorMax: {x: 0.5, y: 0.5}
  m_AnchoredPosition: {x: 0, y: 0}
  m_SizeDelta: {x: 109, y: 109}
  m_Pivot: {x: 0.5, y: 0.5}
--- !u!114 &761785041
MonoBehaviour:
  m_ObjectHideFlags: 0
  m_PrefabParentObject: {fileID: 11405616, guid: 67249a792f444fc4db4d1e7b73a33c66,
    type: 2}
  m_PrefabInternal: {fileID: 350093494}
  m_GameObject: {fileID: 761785039}
  m_Enabled: 1
  m_EditorHideFlags: 0
  m_Script: {fileID: -765806418, guid: f5f67c52d1564df4a8936ccd202a3bd8, type: 3}
  m_Name: 
  m_EditorClassIdentifier: 
  m_Material: {fileID: 0}
  m_Color: {r: 1, g: 1, b: 1, a: 1}
  m_RaycastTarget: 1
  m_OnCullStateChanged:
    m_PersistentCalls:
      m_Calls: []
    m_TypeName: UnityEngine.UI.MaskableGraphic+CullStateChangedEvent, UnityEngine.UI,
      Version=1.0.0.0, Culture=neutral, PublicKeyToken=null
  m_Sprite: {fileID: 21300000, guid: 291502478103f274da140dc9d17c64dc, type: 3}
  m_Type: 0
  m_PreserveAspect: 0
  m_FillCenter: 1
  m_FillMethod: 4
  m_FillAmount: 1
  m_FillClockwise: 1
  m_FillOrigin: 0
--- !u!222 &761785042
CanvasRenderer:
  m_ObjectHideFlags: 0
  m_PrefabParentObject: {fileID: 22205608, guid: 67249a792f444fc4db4d1e7b73a33c66,
    type: 2}
  m_PrefabInternal: {fileID: 350093494}
  m_GameObject: {fileID: 761785039}
--- !u!1 &973692491
GameObject:
  m_ObjectHideFlags: 0
  m_PrefabParentObject: {fileID: 105610, guid: 67249a792f444fc4db4d1e7b73a33c66, type: 2}
  m_PrefabInternal: {fileID: 350093494}
  serializedVersion: 4
  m_Component:
  - 224: {fileID: 973692492}
  - 222: {fileID: 973692495}
  - 114: {fileID: 973692494}
  - 114: {fileID: 973692493}
  m_Layer: 5
  m_Name: Button
  m_TagString: Untagged
  m_Icon: {fileID: 0}
  m_NavMeshLayer: 0
  m_StaticEditorFlags: 0
  m_IsActive: 1
--- !u!224 &973692492
RectTransform:
  m_ObjectHideFlags: 0
  m_PrefabParentObject: {fileID: 22405610, guid: 67249a792f444fc4db4d1e7b73a33c66,
    type: 2}
  m_PrefabInternal: {fileID: 350093494}
  m_GameObject: {fileID: 973692491}
  m_LocalRotation: {x: 0, y: 0, z: 0, w: 1}
  m_LocalPosition: {x: 0, y: 0, z: 0}
  m_LocalScale: {x: 1, y: -1, z: 1}
  m_Children:
  - {fileID: 2086090436}
  m_Father: {fileID: 1501250308}
  m_RootOrder: 2
  m_AnchorMin: {x: 0.5, y: 0.5}
  m_AnchorMax: {x: 0.5, y: 0.5}
  m_AnchoredPosition: {x: -260, y: 0}
  m_SizeDelta: {x: 26, y: 46.766}
  m_Pivot: {x: 0.5, y: 0.5}
--- !u!114 &973692493
MonoBehaviour:
  m_ObjectHideFlags: 0
  m_PrefabParentObject: {fileID: 11405618, guid: 67249a792f444fc4db4d1e7b73a33c66,
    type: 2}
  m_PrefabInternal: {fileID: 350093494}
  m_GameObject: {fileID: 973692491}
  m_Enabled: 1
  m_EditorHideFlags: 0
  m_Script: {fileID: 1392445389, guid: f5f67c52d1564df4a8936ccd202a3bd8, type: 3}
  m_Name: 
  m_EditorClassIdentifier: 
  m_Navigation:
    m_Mode: 3
    m_SelectOnUp: {fileID: 0}
    m_SelectOnDown: {fileID: 0}
    m_SelectOnLeft: {fileID: 0}
    m_SelectOnRight: {fileID: 0}
  m_Transition: 1
  m_Colors:
    m_NormalColor: {r: 1, g: 1, b: 1, a: 1}
    m_HighlightedColor: {r: 0.9607843, g: 0.9607843, b: 0.9607843, a: 1}
    m_PressedColor: {r: 0.78431374, g: 0.78431374, b: 0.78431374, a: 1}
    m_DisabledColor: {r: 0.78431374, g: 0.78431374, b: 0.78431374, a: 0.5019608}
    m_ColorMultiplier: 1
    m_FadeDuration: 0.1
  m_SpriteState:
    m_HighlightedSprite: {fileID: 0}
    m_PressedSprite: {fileID: 0}
    m_DisabledSprite: {fileID: 0}
  m_AnimationTriggers:
    m_NormalTrigger: Normal
    m_HighlightedTrigger: Highlighted
    m_PressedTrigger: Pressed
    m_DisabledTrigger: Disabled
  m_Interactable: 1
  m_TargetGraphic: {fileID: 973692494}
  m_OnClick:
    m_PersistentCalls:
      m_Calls: []
    m_TypeName: UnityEngine.UI.Button+ButtonClickedEvent, UnityEngine.UI, Version=1.0.0.0,
      Culture=neutral, PublicKeyToken=null
--- !u!114 &973692494
MonoBehaviour:
  m_ObjectHideFlags: 0
  m_PrefabParentObject: {fileID: 11405620, guid: 67249a792f444fc4db4d1e7b73a33c66,
    type: 2}
  m_PrefabInternal: {fileID: 350093494}
  m_GameObject: {fileID: 973692491}
  m_Enabled: 1
  m_EditorHideFlags: 0
  m_Script: {fileID: -765806418, guid: f5f67c52d1564df4a8936ccd202a3bd8, type: 3}
  m_Name: 
  m_EditorClassIdentifier: 
  m_Material: {fileID: 0}
  m_Color: {r: 1, g: 1, b: 1, a: 1}
  m_RaycastTarget: 1
  m_OnCullStateChanged:
    m_PersistentCalls:
      m_Calls: []
    m_TypeName: UnityEngine.UI.MaskableGraphic+CullStateChangedEvent, UnityEngine.UI,
      Version=1.0.0.0, Culture=neutral, PublicKeyToken=null
  m_Sprite: {fileID: 21300000, guid: 808ccd6b57b92481eb8234406b711bd1, type: 3}
  m_Type: 0
  m_PreserveAspect: 0
  m_FillCenter: 1
  m_FillMethod: 4
  m_FillAmount: 1
  m_FillClockwise: 1
  m_FillOrigin: 0
--- !u!222 &973692495
CanvasRenderer:
  m_ObjectHideFlags: 0
  m_PrefabParentObject: {fileID: 22205610, guid: 67249a792f444fc4db4d1e7b73a33c66,
    type: 2}
  m_PrefabInternal: {fileID: 350093494}
  m_GameObject: {fileID: 973692491}
--- !u!1 &1057357452
GameObject:
  m_ObjectHideFlags: 0
  m_PrefabParentObject: {fileID: 105616, guid: 67249a792f444fc4db4d1e7b73a33c66, type: 2}
  m_PrefabInternal: {fileID: 350093494}
  serializedVersion: 4
  m_Component:
  - 224: {fileID: 1057357453}
  - 222: {fileID: 1057357456}
  - 114: {fileID: 1057357455}
  - 114: {fileID: 1057357454}
  m_Layer: 5
  m_Name: ShutterButton
  m_TagString: Untagged
  m_Icon: {fileID: 0}
  m_NavMeshLayer: 0
  m_StaticEditorFlags: 0
  m_IsActive: 1
--- !u!224 &1057357453
RectTransform:
  m_ObjectHideFlags: 0
  m_PrefabParentObject: {fileID: 22405616, guid: 67249a792f444fc4db4d1e7b73a33c66,
    type: 2}
  m_PrefabInternal: {fileID: 350093494}
  m_GameObject: {fileID: 1057357452}
  m_LocalRotation: {x: 0, y: 0, z: 0, w: 1}
  m_LocalPosition: {x: 0, y: 0, z: 0}
  m_LocalScale: {x: 1, y: 1, z: 1}
  m_Children:
  - {fileID: 761785040}
  m_Father: {fileID: 627925223}
  m_RootOrder: 0
  m_AnchorMin: {x: 0.5, y: 0.5}
  m_AnchorMax: {x: 0.5, y: 0.5}
  m_AnchoredPosition: {x: 0, y: -12}
  m_SizeDelta: {x: 132, y: 132}
  m_Pivot: {x: 0.5, y: 0.5}
--- !u!114 &1057357454
MonoBehaviour:
  m_ObjectHideFlags: 0
  m_PrefabParentObject: {fileID: 11405594, guid: 67249a792f444fc4db4d1e7b73a33c66,
    type: 2}
  m_PrefabInternal: {fileID: 350093494}
  m_GameObject: {fileID: 1057357452}
  m_Enabled: 1
  m_EditorHideFlags: 0
  m_Script: {fileID: 1392445389, guid: f5f67c52d1564df4a8936ccd202a3bd8, type: 3}
  m_Name: 
  m_EditorClassIdentifier: 
  m_Navigation:
    m_Mode: 3
    m_SelectOnUp: {fileID: 0}
    m_SelectOnDown: {fileID: 0}
    m_SelectOnLeft: {fileID: 0}
    m_SelectOnRight: {fileID: 0}
  m_Transition: 1
  m_Colors:
    m_NormalColor: {r: 1, g: 1, b: 1, a: 1}
    m_HighlightedColor: {r: 0.9607843, g: 0.9607843, b: 0.9607843, a: 1}
    m_PressedColor: {r: 0.78431374, g: 0.78431374, b: 0.78431374, a: 1}
    m_DisabledColor: {r: 0.78431374, g: 0.78431374, b: 0.78431374, a: 0.5019608}
    m_ColorMultiplier: 1
    m_FadeDuration: 0.1
  m_SpriteState:
    m_HighlightedSprite: {fileID: 0}
    m_PressedSprite: {fileID: 0}
    m_DisabledSprite: {fileID: 0}
  m_AnimationTriggers:
    m_NormalTrigger: Normal
    m_HighlightedTrigger: Highlighted
    m_PressedTrigger: Pressed
    m_DisabledTrigger: Disabled
  m_Interactable: 1
  m_TargetGraphic: {fileID: 1057357455}
  m_OnClick:
    m_PersistentCalls:
      m_Calls: []
    m_TypeName: UnityEngine.UI.Button+ButtonClickedEvent, UnityEngine.UI, Version=1.0.0.0,
      Culture=neutral, PublicKeyToken=null
--- !u!114 &1057357455
MonoBehaviour:
  m_ObjectHideFlags: 0
  m_PrefabParentObject: {fileID: 11405626, guid: 67249a792f444fc4db4d1e7b73a33c66,
    type: 2}
  m_PrefabInternal: {fileID: 350093494}
  m_GameObject: {fileID: 1057357452}
  m_Enabled: 1
  m_EditorHideFlags: 0
  m_Script: {fileID: -765806418, guid: f5f67c52d1564df4a8936ccd202a3bd8, type: 3}
  m_Name: 
  m_EditorClassIdentifier: 
  m_Material: {fileID: 0}
  m_Color: {r: 1, g: 1, b: 1, a: 1}
  m_RaycastTarget: 1
  m_OnCullStateChanged:
    m_PersistentCalls:
      m_Calls: []
    m_TypeName: UnityEngine.UI.MaskableGraphic+CullStateChangedEvent, UnityEngine.UI,
      Version=1.0.0.0, Culture=neutral, PublicKeyToken=null
  m_Sprite: {fileID: 21300000, guid: 1278f81a2dce8604a988a82186b87de1, type: 3}
  m_Type: 0
  m_PreserveAspect: 0
  m_FillCenter: 1
  m_FillMethod: 4
  m_FillAmount: 1
  m_FillClockwise: 1
  m_FillOrigin: 0
--- !u!222 &1057357456
CanvasRenderer:
  m_ObjectHideFlags: 0
  m_PrefabParentObject: {fileID: 22205616, guid: 67249a792f444fc4db4d1e7b73a33c66,
    type: 2}
  m_PrefabInternal: {fileID: 350093494}
  m_GameObject: {fileID: 1057357452}
--- !u!1 &1161890495
GameObject:
  m_ObjectHideFlags: 0
  m_PrefabParentObject: {fileID: 105656, guid: 67249a792f444fc4db4d1e7b73a33c66, type: 2}
  m_PrefabInternal: {fileID: 350093494}
  serializedVersion: 4
  m_Component:
  - 224: {fileID: 1161890496}
  - 222: {fileID: 1161890498}
  - 114: {fileID: 1161890497}
  m_Layer: 5
  m_Name: AppTitle
  m_TagString: Untagged
  m_Icon: {fileID: 0}
  m_NavMeshLayer: 0
  m_StaticEditorFlags: 0
  m_IsActive: 1
--- !u!224 &1161890496
RectTransform:
  m_ObjectHideFlags: 0
  m_PrefabParentObject: {fileID: 22405656, guid: 67249a792f444fc4db4d1e7b73a33c66,
    type: 2}
  m_PrefabInternal: {fileID: 350093494}
  m_GameObject: {fileID: 1161890495}
  m_LocalRotation: {x: 0, y: 0, z: 0, w: 1}
  m_LocalPosition: {x: 0, y: 0, z: 0}
  m_LocalScale: {x: 1, y: 1, z: 1}
  m_Children: []
  m_Father: {fileID: 1501107941}
  m_RootOrder: 0
  m_AnchorMin: {x: 0.5, y: 0.5}
  m_AnchorMax: {x: 0.5, y: 0.5}
  m_AnchoredPosition: {x: 0, y: -86}
  m_SizeDelta: {x: 695, y: 67}
  m_Pivot: {x: 0.5, y: 0.5}
--- !u!114 &1161890497
MonoBehaviour:
  m_ObjectHideFlags: 0
  m_PrefabParentObject: {fileID: 11405674, guid: 67249a792f444fc4db4d1e7b73a33c66,
    type: 2}
  m_PrefabInternal: {fileID: 350093494}
  m_GameObject: {fileID: 1161890495}
  m_Enabled: 1
  m_EditorHideFlags: 0
  m_Script: {fileID: 708705254, guid: f5f67c52d1564df4a8936ccd202a3bd8, type: 3}
  m_Name: 
  m_EditorClassIdentifier: 
  m_Material: {fileID: 0}
  m_Color: {r: 0.85490197, g: 0.85490197, b: 0.85490197, a: 1}
  m_RaycastTarget: 1
  m_OnCullStateChanged:
    m_PersistentCalls:
      m_Calls: []
    m_TypeName: UnityEngine.UI.MaskableGraphic+CullStateChangedEvent, UnityEngine.UI,
      Version=1.0.0.0, Culture=neutral, PublicKeyToken=null
  m_FontData:
    m_Font: {fileID: 12800000, guid: 218956a5c2a6e42d6a60afccf80b002b, type: 3}
    m_FontSize: 40
    m_FontStyle: 0
    m_BestFit: 0
    m_MinSize: 10
    m_MaxSize: 40
    m_Alignment: 0
    m_AlignByGeometry: 0
    m_RichText: 1
    m_HorizontalOverflow: 0
    m_VerticalOverflow: 1
    m_LineSpacing: 1
  m_Text: APP SAMPLE
--- !u!222 &1161890498
CanvasRenderer:
  m_ObjectHideFlags: 0
  m_PrefabParentObject: {fileID: 22205656, guid: 67249a792f444fc4db4d1e7b73a33c66,
    type: 2}
  m_PrefabInternal: {fileID: 350093494}
  m_GameObject: {fileID: 1161890495}
--- !u!1 &1166793435
GameObject:
  m_ObjectHideFlags: 0
  m_PrefabParentObject: {fileID: 105630, guid: 67249a792f444fc4db4d1e7b73a33c66, type: 2}
  m_PrefabInternal: {fileID: 350093494}
  serializedVersion: 4
  m_Component:
  - 224: {fileID: 1166793436}
  - 222: {fileID: 1166793438}
  - 114: {fileID: 1166793437}
  m_Layer: 5
  m_Name: Image
  m_TagString: Untagged
  m_Icon: {fileID: 0}
  m_NavMeshLayer: 0
  m_StaticEditorFlags: 0
  m_IsActive: 1
--- !u!224 &1166793436
RectTransform:
  m_ObjectHideFlags: 0
  m_PrefabParentObject: {fileID: 22405630, guid: 67249a792f444fc4db4d1e7b73a33c66,
    type: 2}
  m_PrefabInternal: {fileID: 350093494}
  m_GameObject: {fileID: 1166793435}
  m_LocalRotation: {x: 0, y: 0, z: 0, w: 1}
  m_LocalPosition: {x: 0, y: 0, z: 0}
  m_LocalScale: {x: 1, y: 1, z: 1}
  m_Children: []
  m_Father: {fileID: 557368038}
  m_RootOrder: 0
  m_AnchorMin: {x: 0.5, y: 0.5}
  m_AnchorMax: {x: 0.5, y: 0.5}
  m_AnchoredPosition: {x: 5.2, y: -0.0000030547}
  m_SizeDelta: {x: 150.9, y: 101.62}
  m_Pivot: {x: 0.5, y: 0.5}
--- !u!114 &1166793437
MonoBehaviour:
  m_ObjectHideFlags: 0
  m_PrefabParentObject: {fileID: 11405642, guid: 67249a792f444fc4db4d1e7b73a33c66,
    type: 2}
  m_PrefabInternal: {fileID: 350093494}
  m_GameObject: {fileID: 1166793435}
  m_Enabled: 1
  m_EditorHideFlags: 0
  m_Script: {fileID: -765806418, guid: f5f67c52d1564df4a8936ccd202a3bd8, type: 3}
  m_Name: 
  m_EditorClassIdentifier: 
  m_Material: {fileID: 0}
  m_Color: {r: 1, g: 1, b: 1, a: 1}
  m_RaycastTarget: 1
  m_OnCullStateChanged:
    m_PersistentCalls:
      m_Calls: []
    m_TypeName: UnityEngine.UI.MaskableGraphic+CullStateChangedEvent, UnityEngine.UI,
      Version=1.0.0.0, Culture=neutral, PublicKeyToken=null
  m_Sprite: {fileID: 21300000, guid: fb8f771b6ed6a07498558e646ceee548, type: 3}
  m_Type: 0
  m_PreserveAspect: 0
  m_FillCenter: 1
  m_FillMethod: 4
  m_FillAmount: 1
  m_FillClockwise: 1
  m_FillOrigin: 0
--- !u!222 &1166793438
CanvasRenderer:
  m_ObjectHideFlags: 0
  m_PrefabParentObject: {fileID: 22205630, guid: 67249a792f444fc4db4d1e7b73a33c66,
    type: 2}
  m_PrefabInternal: {fileID: 350093494}
  m_GameObject: {fileID: 1166793435}
--- !u!1 &1252992661
GameObject:
  m_ObjectHideFlags: 0
  m_PrefabParentObject: {fileID: 105650, guid: 67249a792f444fc4db4d1e7b73a33c66, type: 2}
  m_PrefabInternal: {fileID: 350093494}
  serializedVersion: 4
  m_Component:
  - 224: {fileID: 1252992662}
  - 222: {fileID: 1252992665}
  - 114: {fileID: 1252992664}
  - 114: {fileID: 1252992663}
  m_Layer: 5
  m_Name: ColorIcons
  m_TagString: Untagged
  m_Icon: {fileID: 0}
  m_NavMeshLayer: 0
  m_StaticEditorFlags: 0
  m_IsActive: 1
--- !u!224 &1252992662
RectTransform:
  m_ObjectHideFlags: 0
  m_PrefabParentObject: {fileID: 22405650, guid: 67249a792f444fc4db4d1e7b73a33c66,
    type: 2}
  m_PrefabInternal: {fileID: 350093494}
  m_GameObject: {fileID: 1252992661}
  m_LocalRotation: {x: 0, y: 0, z: 0, w: 1}
  m_LocalPosition: {x: 0, y: 0, z: 0}
  m_LocalScale: {x: 1, y: 1, z: 1}
  m_Children:
  - {fileID: 1374253938}
  - {fileID: 1987871135}
  m_Father: {fileID: 627925223}
  m_RootOrder: 1
  m_AnchorMin: {x: 0.5, y: 0.5}
  m_AnchorMax: {x: 0.5, y: 0.5}
  m_AnchoredPosition: {x: 240, y: 1}
  m_SizeDelta: {x: 45, y: 44}
  m_Pivot: {x: 0.5, y: 0.5}
--- !u!114 &1252992663
MonoBehaviour:
  m_ObjectHideFlags: 0
  m_PrefabParentObject: {fileID: 11405596, guid: 67249a792f444fc4db4d1e7b73a33c66,
    type: 2}
  m_PrefabInternal: {fileID: 350093494}
  m_GameObject: {fileID: 1252992661}
  m_Enabled: 1
  m_EditorHideFlags: 0
  m_Script: {fileID: 1392445389, guid: f5f67c52d1564df4a8936ccd202a3bd8, type: 3}
  m_Name: 
  m_EditorClassIdentifier: 
  m_Navigation:
    m_Mode: 3
    m_SelectOnUp: {fileID: 0}
    m_SelectOnDown: {fileID: 0}
    m_SelectOnLeft: {fileID: 0}
    m_SelectOnRight: {fileID: 0}
  m_Transition: 1
  m_Colors:
    m_NormalColor: {r: 1, g: 1, b: 1, a: 1}
    m_HighlightedColor: {r: 0.9607843, g: 0.9607843, b: 0.9607843, a: 1}
    m_PressedColor: {r: 0.78431374, g: 0.78431374, b: 0.78431374, a: 1}
    m_DisabledColor: {r: 0.78431374, g: 0.78431374, b: 0.78431374, a: 0.5019608}
    m_ColorMultiplier: 1
    m_FadeDuration: 0.1
  m_SpriteState:
    m_HighlightedSprite: {fileID: 0}
    m_PressedSprite: {fileID: 0}
    m_DisabledSprite: {fileID: 0}
  m_AnimationTriggers:
    m_NormalTrigger: Normal
    m_HighlightedTrigger: Highlighted
    m_PressedTrigger: Pressed
    m_DisabledTrigger: Disabled
  m_Interactable: 1
  m_TargetGraphic: {fileID: 1252992664}
  m_OnClick:
    m_PersistentCalls:
      m_Calls: []
    m_TypeName: UnityEngine.UI.Button+ButtonClickedEvent, UnityEngine.UI, Version=1.0.0.0,
      Culture=neutral, PublicKeyToken=null
--- !u!114 &1252992664
MonoBehaviour:
  m_ObjectHideFlags: 0
  m_PrefabParentObject: {fileID: 11405668, guid: 67249a792f444fc4db4d1e7b73a33c66,
    type: 2}
  m_PrefabInternal: {fileID: 350093494}
  m_GameObject: {fileID: 1252992661}
  m_Enabled: 1
  m_EditorHideFlags: 0
  m_Script: {fileID: -765806418, guid: f5f67c52d1564df4a8936ccd202a3bd8, type: 3}
  m_Name: 
  m_EditorClassIdentifier: 
  m_Material: {fileID: 0}
  m_Color: {r: 0.9647059, g: 0.9647059, b: 0.9647059, a: 0.41960785}
  m_RaycastTarget: 1
  m_OnCullStateChanged:
    m_PersistentCalls:
      m_Calls: []
    m_TypeName: UnityEngine.UI.MaskableGraphic+CullStateChangedEvent, UnityEngine.UI,
      Version=1.0.0.0, Culture=neutral, PublicKeyToken=null
  m_Sprite: {fileID: 21300000, guid: f04f7faa5cfd8444a9b61e426135725f, type: 3}
  m_Type: 0
  m_PreserveAspect: 0
  m_FillCenter: 1
  m_FillMethod: 4
  m_FillAmount: 1
  m_FillClockwise: 1
  m_FillOrigin: 0
--- !u!222 &1252992665
CanvasRenderer:
  m_ObjectHideFlags: 0
  m_PrefabParentObject: {fileID: 22205650, guid: 67249a792f444fc4db4d1e7b73a33c66,
    type: 2}
  m_PrefabInternal: {fileID: 350093494}
  m_GameObject: {fileID: 1252992661}
--- !u!1 &1254264785
GameObject:
  m_ObjectHideFlags: 0
  m_PrefabParentObject: {fileID: 105636, guid: 67249a792f444fc4db4d1e7b73a33c66, type: 2}
  m_PrefabInternal: {fileID: 350093494}
  serializedVersion: 4
  m_Component:
  - 224: {fileID: 1254264786}
  - 222: {fileID: 1254264788}
  - 114: {fileID: 1254264787}
  m_Layer: 5
  m_Name: Line
  m_TagString: Untagged
  m_Icon: {fileID: 0}
  m_NavMeshLayer: 0
  m_StaticEditorFlags: 0
  m_IsActive: 1
--- !u!224 &1254264786
RectTransform:
  m_ObjectHideFlags: 0
  m_PrefabParentObject: {fileID: 22405636, guid: 67249a792f444fc4db4d1e7b73a33c66,
    type: 2}
  m_PrefabInternal: {fileID: 350093494}
  m_GameObject: {fileID: 1254264785}
  m_LocalRotation: {x: 0, y: 0, z: 0, w: 1}
  m_LocalPosition: {x: 0, y: 0, z: 0}
  m_LocalScale: {x: 1, y: 1, z: 1}
  m_Children: []
  m_Father: {fileID: 85023652}
  m_RootOrder: 2
  m_AnchorMin: {x: 0.5, y: 0.5}
  m_AnchorMax: {x: 0.5, y: 0.5}
  m_AnchoredPosition: {x: 71.00246, y: 143.66}
  m_SizeDelta: {x: 640.01, y: 1}
  m_Pivot: {x: 0.5, y: 0.5}
--- !u!114 &1254264787
MonoBehaviour:
  m_ObjectHideFlags: 0
  m_PrefabParentObject: {fileID: 11405650, guid: 67249a792f444fc4db4d1e7b73a33c66,
    type: 2}
  m_PrefabInternal: {fileID: 350093494}
  m_GameObject: {fileID: 1254264785}
  m_Enabled: 1
  m_EditorHideFlags: 0
  m_Script: {fileID: -765806418, guid: f5f67c52d1564df4a8936ccd202a3bd8, type: 3}
  m_Name: 
  m_EditorClassIdentifier: 
  m_Material: {fileID: 0}
  m_Color: {r: 1, g: 1, b: 1, a: 1}
  m_RaycastTarget: 1
  m_OnCullStateChanged:
    m_PersistentCalls:
      m_Calls: []
    m_TypeName: UnityEngine.UI.MaskableGraphic+CullStateChangedEvent, UnityEngine.UI,
      Version=1.0.0.0, Culture=neutral, PublicKeyToken=null
  m_Sprite: {fileID: 21300000, guid: 7ed1238760b863f4aafde32ab3a6f28c, type: 3}
  m_Type: 1
  m_PreserveAspect: 0
  m_FillCenter: 1
  m_FillMethod: 4
  m_FillAmount: 1
  m_FillClockwise: 1
  m_FillOrigin: 0
--- !u!222 &1254264788
CanvasRenderer:
  m_ObjectHideFlags: 0
  m_PrefabParentObject: {fileID: 22205636, guid: 67249a792f444fc4db4d1e7b73a33c66,
    type: 2}
  m_PrefabInternal: {fileID: 350093494}
  m_GameObject: {fileID: 1254264785}
--- !u!1 &1344696032
GameObject:
  m_ObjectHideFlags: 0
  m_PrefabParentObject: {fileID: 105642, guid: 67249a792f444fc4db4d1e7b73a33c66, type: 2}
  m_PrefabInternal: {fileID: 350093494}
  serializedVersion: 4
  m_Component:
  - 224: {fileID: 1344696033}
  - 222: {fileID: 1344696036}
  - 114: {fileID: 1344696035}
  - 114: {fileID: 1344696034}
  m_Layer: 5
  m_Name: Text
  m_TagString: Untagged
  m_Icon: {fileID: 0}
  m_NavMeshLayer: 0
  m_StaticEditorFlags: 0
  m_IsActive: 1
--- !u!224 &1344696033
RectTransform:
  m_ObjectHideFlags: 0
  m_PrefabParentObject: {fileID: 22405642, guid: 67249a792f444fc4db4d1e7b73a33c66,
    type: 2}
  m_PrefabInternal: {fileID: 350093494}
  m_GameObject: {fileID: 1344696032}
  m_LocalRotation: {x: 0, y: 0, z: 0, w: 1}
  m_LocalPosition: {x: 0, y: 0, z: 0}
  m_LocalScale: {x: 1, y: 1, z: 1}
  m_Children: []
  m_Father: {fileID: 1501250308}
  m_RootOrder: 1
  m_AnchorMin: {x: 0.5, y: 0.5}
  m_AnchorMax: {x: 0.5, y: 0.5}
  m_AnchoredPosition: {x: -90, y: 0}
  m_SizeDelta: {x: 39.8, y: 40}
  m_Pivot: {x: 0.5, y: 0.5}
--- !u!114 &1344696034
MonoBehaviour:
  m_ObjectHideFlags: 0
  m_PrefabParentObject: {fileID: 11405592, guid: 67249a792f444fc4db4d1e7b73a33c66,
    type: 2}
  m_PrefabInternal: {fileID: 350093494}
  m_GameObject: {fileID: 1344696032}
  m_Enabled: 1
  m_EditorHideFlags: 0
  m_Script: {fileID: 1392445389, guid: f5f67c52d1564df4a8936ccd202a3bd8, type: 3}
  m_Name: 
  m_EditorClassIdentifier: 
  m_Navigation:
    m_Mode: 3
    m_SelectOnUp: {fileID: 0}
    m_SelectOnDown: {fileID: 0}
    m_SelectOnLeft: {fileID: 0}
    m_SelectOnRight: {fileID: 0}
  m_Transition: 1
  m_Colors:
    m_NormalColor: {r: 1, g: 1, b: 1, a: 1}
    m_HighlightedColor: {r: 0.9607843, g: 0.9607843, b: 0.9607843, a: 1}
    m_PressedColor: {r: 0.78431374, g: 0.78431374, b: 0.78431374, a: 1}
    m_DisabledColor: {r: 0.78431374, g: 0.78431374, b: 0.78431374, a: 0.5019608}
    m_ColorMultiplier: 1
    m_FadeDuration: 0.1
  m_SpriteState:
    m_HighlightedSprite: {fileID: 0}
    m_PressedSprite: {fileID: 0}
    m_DisabledSprite: {fileID: 0}
  m_AnimationTriggers:
    m_NormalTrigger: Normal
    m_HighlightedTrigger: Highlighted
    m_PressedTrigger: Pressed
    m_DisabledTrigger: Disabled
  m_Interactable: 1
  m_TargetGraphic: {fileID: 1344696035}
  m_OnClick:
    m_PersistentCalls:
      m_Calls: []
    m_TypeName: UnityEngine.UI.Button+ButtonClickedEvent, UnityEngine.UI, Version=1.0.0.0,
      Culture=neutral, PublicKeyToken=null
--- !u!114 &1344696035
MonoBehaviour:
  m_ObjectHideFlags: 0
  m_PrefabParentObject: {fileID: 11405656, guid: 67249a792f444fc4db4d1e7b73a33c66,
    type: 2}
  m_PrefabInternal: {fileID: 350093494}
  m_GameObject: {fileID: 1344696032}
  m_Enabled: 1
  m_EditorHideFlags: 0
  m_Script: {fileID: 708705254, guid: f5f67c52d1564df4a8936ccd202a3bd8, type: 3}
  m_Name: 
  m_EditorClassIdentifier: 
  m_Material: {fileID: 0}
  m_Color: {r: 1, g: 1, b: 1, a: 1}
  m_RaycastTarget: 1
  m_OnCullStateChanged:
    m_PersistentCalls:
      m_Calls: []
    m_TypeName: UnityEngine.UI.MaskableGraphic+CullStateChangedEvent, UnityEngine.UI,
      Version=1.0.0.0, Culture=neutral, PublicKeyToken=null
  m_FontData:
    m_Font: {fileID: 12800000, guid: bd1ea67ca2b5742d1a24fcbdc17c55e1, type: 3}
    m_FontSize: 18
    m_FontStyle: 0
    m_BestFit: 0
    m_MinSize: 10
    m_MaxSize: 40
    m_Alignment: 3
    m_AlignByGeometry: 0
    m_RichText: 1
    m_HorizontalOverflow: 0
    m_VerticalOverflow: 0
    m_LineSpacing: 1
  m_Text: HDR
--- !u!222 &1344696036
CanvasRenderer:
  m_ObjectHideFlags: 0
  m_PrefabParentObject: {fileID: 22205642, guid: 67249a792f444fc4db4d1e7b73a33c66,
    type: 2}
  m_PrefabInternal: {fileID: 350093494}
  m_GameObject: {fileID: 1344696032}
--- !u!1 &1352048688
GameObject:
  m_ObjectHideFlags: 0
  m_PrefabParentObject: {fileID: 105604, guid: 67249a792f444fc4db4d1e7b73a33c66, type: 2}
  m_PrefabInternal: {fileID: 350093494}
  serializedVersion: 4
  m_Component:
  - 224: {fileID: 1352048689}
  - 222: {fileID: 1352048691}
  - 114: {fileID: 1352048690}
  m_Layer: 5
  m_Name: Text
  m_TagString: Untagged
  m_Icon: {fileID: 0}
  m_NavMeshLayer: 0
  m_StaticEditorFlags: 0
  m_IsActive: 1
--- !u!224 &1352048689
RectTransform:
  m_ObjectHideFlags: 0
  m_PrefabParentObject: {fileID: 22405604, guid: 67249a792f444fc4db4d1e7b73a33c66,
    type: 2}
  m_PrefabInternal: {fileID: 350093494}
  m_GameObject: {fileID: 1352048688}
  m_LocalRotation: {x: 0, y: 0, z: 0, w: 1}
  m_LocalPosition: {x: 0, y: 0, z: 0}
  m_LocalScale: {x: 1, y: 1, z: 1}
  m_Children: []
  m_Father: {fileID: 627925223}
  m_RootOrder: 6
  m_AnchorMin: {x: 0.5, y: 0.5}
  m_AnchorMax: {x: 0.5, y: 0.5}
  m_AnchoredPosition: {x: -270, y: 83.30005}
  m_SizeDelta: {x: 160, y: 30}
  m_Pivot: {x: 0.5, y: 0.5}
--- !u!114 &1352048690
MonoBehaviour:
  m_ObjectHideFlags: 0
  m_PrefabParentObject: {fileID: 11405612, guid: 67249a792f444fc4db4d1e7b73a33c66,
    type: 2}
  m_PrefabInternal: {fileID: 350093494}
  m_GameObject: {fileID: 1352048688}
  m_Enabled: 1
  m_EditorHideFlags: 0
  m_Script: {fileID: 708705254, guid: f5f67c52d1564df4a8936ccd202a3bd8, type: 3}
  m_Name: 
  m_EditorClassIdentifier: 
  m_Material: {fileID: 0}
  m_Color: {r: 0.99607843, g: 0.99607843, b: 0.99607843, a: 1}
  m_RaycastTarget: 1
  m_OnCullStateChanged:
    m_PersistentCalls:
      m_Calls: []
    m_TypeName: UnityEngine.UI.MaskableGraphic+CullStateChangedEvent, UnityEngine.UI,
      Version=1.0.0.0, Culture=neutral, PublicKeyToken=null
  m_FontData:
    m_Font: {fileID: 10102, guid: 0000000000000000e000000000000000, type: 0}
    m_FontSize: 14
    m_FontStyle: 0
    m_BestFit: 0
    m_MinSize: 10
    m_MaxSize: 40
    m_Alignment: 4
    m_AlignByGeometry: 0
    m_RichText: 1
    m_HorizontalOverflow: 0
    m_VerticalOverflow: 0
    m_LineSpacing: 1
  m_Text: T I M E - L A P S E
--- !u!222 &1352048691
CanvasRenderer:
  m_ObjectHideFlags: 0
  m_PrefabParentObject: {fileID: 22205604, guid: 67249a792f444fc4db4d1e7b73a33c66,
    type: 2}
  m_PrefabInternal: {fileID: 350093494}
  m_GameObject: {fileID: 1352048688}
--- !u!1 &1374253937
GameObject:
  m_ObjectHideFlags: 0
  m_PrefabParentObject: {fileID: 105640, guid: 67249a792f444fc4db4d1e7b73a33c66, type: 2}
  m_PrefabInternal: {fileID: 350093494}
  serializedVersion: 4
  m_Component:
  - 224: {fileID: 1374253938}
  - 222: {fileID: 1374253940}
  - 114: {fileID: 1374253939}
  m_Layer: 5
  m_Name: Icon
  m_TagString: Untagged
  m_Icon: {fileID: 0}
  m_NavMeshLayer: 0
  m_StaticEditorFlags: 0
  m_IsActive: 1
--- !u!224 &1374253938
RectTransform:
  m_ObjectHideFlags: 0
  m_PrefabParentObject: {fileID: 22405640, guid: 67249a792f444fc4db4d1e7b73a33c66,
    type: 2}
  m_PrefabInternal: {fileID: 350093494}
  m_GameObject: {fileID: 1374253937}
  m_LocalRotation: {x: 0, y: 0, z: 0, w: 1}
  m_LocalPosition: {x: 0, y: 0, z: 0}
  m_LocalScale: {x: 1, y: 1, z: 1}
  m_Children: []
  m_Father: {fileID: 1252992662}
  m_RootOrder: 0
  m_AnchorMin: {x: 0.5, y: 0.5}
  m_AnchorMax: {x: 0.5, y: 0.5}
  m_AnchoredPosition: {x: -17, y: -23.5}
  m_SizeDelta: {x: 45, y: 44}
  m_Pivot: {x: 0.5, y: 0.5}
--- !u!114 &1374253939
MonoBehaviour:
  m_ObjectHideFlags: 0
  m_PrefabParentObject: {fileID: 11405654, guid: 67249a792f444fc4db4d1e7b73a33c66,
    type: 2}
  m_PrefabInternal: {fileID: 350093494}
  m_GameObject: {fileID: 1374253937}
  m_Enabled: 1
  m_EditorHideFlags: 0
  m_Script: {fileID: -765806418, guid: f5f67c52d1564df4a8936ccd202a3bd8, type: 3}
  m_Name: 
  m_EditorClassIdentifier: 
  m_Material: {fileID: 0}
  m_Color: {r: 0.9647059, g: 0.9647059, b: 0.9647059, a: 0.31764707}
  m_RaycastTarget: 1
  m_OnCullStateChanged:
    m_PersistentCalls:
      m_Calls: []
    m_TypeName: UnityEngine.UI.MaskableGraphic+CullStateChangedEvent, UnityEngine.UI,
      Version=1.0.0.0, Culture=neutral, PublicKeyToken=null
  m_Sprite: {fileID: 21300000, guid: f04f7faa5cfd8444a9b61e426135725f, type: 3}
  m_Type: 0
  m_PreserveAspect: 0
  m_FillCenter: 1
  m_FillMethod: 4
  m_FillAmount: 1
  m_FillClockwise: 1
  m_FillOrigin: 0
--- !u!222 &1374253940
CanvasRenderer:
  m_ObjectHideFlags: 0
  m_PrefabParentObject: {fileID: 22205640, guid: 67249a792f444fc4db4d1e7b73a33c66,
    type: 2}
  m_PrefabInternal: {fileID: 350093494}
  m_GameObject: {fileID: 1374253937}
--- !u!1 &1426273999
GameObject:
  m_ObjectHideFlags: 0
  m_PrefabParentObject: {fileID: 105632, guid: 67249a792f444fc4db4d1e7b73a33c66, type: 2}
  m_PrefabInternal: {fileID: 350093494}
  serializedVersion: 4
  m_Component:
  - 224: {fileID: 1426274000}
  - 222: {fileID: 1426274003}
  - 114: {fileID: 1426274002}
  - 114: {fileID: 1426274001}
  m_Layer: 5
  m_Name: Button
  m_TagString: Untagged
  m_Icon: {fileID: 0}
  m_NavMeshLayer: 0
  m_StaticEditorFlags: 0
  m_IsActive: 1
--- !u!224 &1426274000
RectTransform:
  m_ObjectHideFlags: 0
  m_PrefabParentObject: {fileID: 22405632, guid: 67249a792f444fc4db4d1e7b73a33c66,
    type: 2}
  m_PrefabInternal: {fileID: 350093494}
  m_GameObject: {fileID: 1426273999}
  m_LocalRotation: {x: 0, y: 0, z: 0, w: 1}
  m_LocalPosition: {x: 0, y: 0, z: 0}
  m_LocalScale: {x: 1, y: 1, z: 1}
  m_Children: []
  m_Father: {fileID: 1501250308}
  m_RootOrder: 3
  m_AnchorMin: {x: 0.5, y: 0.5}
  m_AnchorMax: {x: 0.5, y: 0.5}
  m_AnchoredPosition: {x: 90, y: 0}
  m_SizeDelta: {x: 47, y: 47}
  m_Pivot: {x: 0.5, y: 0.5}
--- !u!114 &1426274001
MonoBehaviour:
  m_ObjectHideFlags: 0
  m_PrefabParentObject: {fileID: 11405644, guid: 67249a792f444fc4db4d1e7b73a33c66,
    type: 2}
  m_PrefabInternal: {fileID: 350093494}
  m_GameObject: {fileID: 1426273999}
  m_Enabled: 1
  m_EditorHideFlags: 0
  m_Script: {fileID: 1392445389, guid: f5f67c52d1564df4a8936ccd202a3bd8, type: 3}
  m_Name: 
  m_EditorClassIdentifier: 
  m_Navigation:
    m_Mode: 3
    m_SelectOnUp: {fileID: 0}
    m_SelectOnDown: {fileID: 0}
    m_SelectOnLeft: {fileID: 0}
    m_SelectOnRight: {fileID: 0}
  m_Transition: 1
  m_Colors:
    m_NormalColor: {r: 1, g: 1, b: 1, a: 1}
    m_HighlightedColor: {r: 0.9607843, g: 0.9607843, b: 0.9607843, a: 1}
    m_PressedColor: {r: 0.78431374, g: 0.78431374, b: 0.78431374, a: 1}
    m_DisabledColor: {r: 0.78431374, g: 0.78431374, b: 0.78431374, a: 0.5019608}
    m_ColorMultiplier: 1
    m_FadeDuration: 0.1
  m_SpriteState:
    m_HighlightedSprite: {fileID: 0}
    m_PressedSprite: {fileID: 0}
    m_DisabledSprite: {fileID: 0}
  m_AnimationTriggers:
    m_NormalTrigger: Normal
    m_HighlightedTrigger: Highlighted
    m_PressedTrigger: Pressed
    m_DisabledTrigger: Disabled
  m_Interactable: 1
  m_TargetGraphic: {fileID: 1426274002}
  m_OnClick:
    m_PersistentCalls:
      m_Calls: []
    m_TypeName: UnityEngine.UI.Button+ButtonClickedEvent, UnityEngine.UI, Version=1.0.0.0,
      Culture=neutral, PublicKeyToken=null
--- !u!114 &1426274002
MonoBehaviour:
  m_ObjectHideFlags: 0
  m_PrefabParentObject: {fileID: 11405646, guid: 67249a792f444fc4db4d1e7b73a33c66,
    type: 2}
  m_PrefabInternal: {fileID: 350093494}
  m_GameObject: {fileID: 1426273999}
  m_Enabled: 1
  m_EditorHideFlags: 0
  m_Script: {fileID: -765806418, guid: f5f67c52d1564df4a8936ccd202a3bd8, type: 3}
  m_Name: 
  m_EditorClassIdentifier: 
  m_Material: {fileID: 0}
  m_Color: {r: 1, g: 1, b: 1, a: 0.827451}
  m_RaycastTarget: 1
  m_OnCullStateChanged:
    m_PersistentCalls:
      m_Calls: []
    m_TypeName: UnityEngine.UI.MaskableGraphic+CullStateChangedEvent, UnityEngine.UI,
      Version=1.0.0.0, Culture=neutral, PublicKeyToken=null
  m_Sprite: {fileID: 21300000, guid: c0d1effa50cad4f13ad7f132fe903904, type: 3}
  m_Type: 0
  m_PreserveAspect: 0
  m_FillCenter: 1
  m_FillMethod: 4
  m_FillAmount: 1
  m_FillClockwise: 1
  m_FillOrigin: 0
--- !u!222 &1426274003
CanvasRenderer:
  m_ObjectHideFlags: 0
  m_PrefabParentObject: {fileID: 22205632, guid: 67249a792f444fc4db4d1e7b73a33c66,
    type: 2}
  m_PrefabInternal: {fileID: 350093494}
  m_GameObject: {fileID: 1426273999}
--- !u!1 &1500371475
GameObject:
  m_ObjectHideFlags: 0
  m_PrefabParentObject: {fileID: 0}
  m_PrefabInternal: {fileID: 0}
  serializedVersion: 4
  m_Component:
  - 4: {fileID: 1500371479}
  - 114: {fileID: 1500371478}
  - 114: {fileID: 1500371477}
  - 114: {fileID: 1500371476}
  m_Layer: 0
  m_Name: EventSystem
  m_TagString: Untagged
  m_Icon: {fileID: 0}
  m_NavMeshLayer: 0
  m_StaticEditorFlags: 0
  m_IsActive: 1
--- !u!114 &1500371476
MonoBehaviour:
  m_ObjectHideFlags: 0
  m_PrefabParentObject: {fileID: 0}
  m_PrefabInternal: {fileID: 0}
  m_GameObject: {fileID: 1500371475}
  m_Enabled: 1
  m_EditorHideFlags: 0
  m_Script: {fileID: 1997211142, guid: f5f67c52d1564df4a8936ccd202a3bd8, type: 3}
  m_Name: 
  m_EditorClassIdentifier: 
  m_ForceModuleActive: 0
--- !u!114 &1500371477
MonoBehaviour:
  m_ObjectHideFlags: 0
  m_PrefabParentObject: {fileID: 0}
  m_PrefabInternal: {fileID: 0}
  m_GameObject: {fileID: 1500371475}
  m_Enabled: 1
  m_EditorHideFlags: 0
  m_Script: {fileID: 1077351063, guid: f5f67c52d1564df4a8936ccd202a3bd8, type: 3}
  m_Name: 
  m_EditorClassIdentifier: 
  m_HorizontalAxis: Horizontal
  m_VerticalAxis: Vertical
  m_SubmitButton: Submit
  m_CancelButton: Cancel
  m_InputActionsPerSecond: 10
  m_RepeatDelay: 0.5
  m_ForceModuleActive: 0
--- !u!114 &1500371478
MonoBehaviour:
  m_ObjectHideFlags: 0
  m_PrefabParentObject: {fileID: 0}
  m_PrefabInternal: {fileID: 0}
  m_GameObject: {fileID: 1500371475}
  m_Enabled: 1
  m_EditorHideFlags: 0
  m_Script: {fileID: -619905303, guid: f5f67c52d1564df4a8936ccd202a3bd8, type: 3}
  m_Name: 
  m_EditorClassIdentifier: 
  m_FirstSelected: {fileID: 0}
  m_sendNavigationEvents: 1
  m_DragThreshold: 5
--- !u!4 &1500371479
Transform:
  m_ObjectHideFlags: 0
  m_PrefabParentObject: {fileID: 0}
  m_PrefabInternal: {fileID: 0}
  m_GameObject: {fileID: 1500371475}
  m_LocalRotation: {x: 0, y: 0, z: 0, w: 1}
  m_LocalPosition: {x: 0, y: 0, z: 0}
  m_LocalScale: {x: 1, y: 1, z: 1}
  m_Children: []
  m_Father: {fileID: 0}
  m_RootOrder: 1
--- !u!1 &1501107940
GameObject:
  m_ObjectHideFlags: 0
  m_PrefabParentObject: {fileID: 105602, guid: 67249a792f444fc4db4d1e7b73a33c66, type: 2}
  m_PrefabInternal: {fileID: 350093494}
  serializedVersion: 4
  m_Component:
  - 224: {fileID: 1501107941}
  - 222: {fileID: 1501107943}
  - 114: {fileID: 1501107942}
  m_Layer: 5
  m_Name: AppTitle
  m_TagString: Untagged
  m_Icon: {fileID: 0}
  m_NavMeshLayer: 0
  m_StaticEditorFlags: 0
  m_IsActive: 1
--- !u!224 &1501107941
RectTransform:
  m_ObjectHideFlags: 0
  m_PrefabParentObject: {fileID: 22405602, guid: 67249a792f444fc4db4d1e7b73a33c66,
    type: 2}
  m_PrefabInternal: {fileID: 350093494}
  m_GameObject: {fileID: 1501107940}
  m_LocalRotation: {x: 0, y: 0, z: 0, w: 1}
  m_LocalPosition: {x: 0, y: 0, z: 0}
  m_LocalScale: {x: 1, y: 1, z: 1}
  m_Children:
  - {fileID: 1161890496}
  m_Father: {fileID: 1805688062}
  m_RootOrder: 0
  m_AnchorMin: {x: 0.5, y: 0.5}
  m_AnchorMax: {x: 0.5, y: 0.5}
  m_AnchoredPosition: {x: 28, y: 679}
  m_SizeDelta: {x: 695, y: 109}
  m_Pivot: {x: 0.5, y: 0.5}
--- !u!114 &1501107942
MonoBehaviour:
  m_ObjectHideFlags: 0
  m_PrefabParentObject: {fileID: 11405610, guid: 67249a792f444fc4db4d1e7b73a33c66,
    type: 2}
  m_PrefabInternal: {fileID: 350093494}
  m_GameObject: {fileID: 1501107940}
  m_Enabled: 1
  m_EditorHideFlags: 0
  m_Script: {fileID: 708705254, guid: f5f67c52d1564df4a8936ccd202a3bd8, type: 3}
  m_Name: 
  m_EditorClassIdentifier: 
  m_Material: {fileID: 0}
  m_Color: {r: 0.85490197, g: 0.85490197, b: 0.85490197, a: 1}
  m_RaycastTarget: 1
  m_OnCullStateChanged:
    m_PersistentCalls:
      m_Calls: []
    m_TypeName: UnityEngine.UI.MaskableGraphic+CullStateChangedEvent, UnityEngine.UI,
      Version=1.0.0.0, Culture=neutral, PublicKeyToken=null
  m_FontData:
    m_Font: {fileID: 12800000, guid: 218956a5c2a6e42d6a60afccf80b002b, type: 3}
    m_FontSize: 100
    m_FontStyle: 0
    m_BestFit: 0
    m_MinSize: 10
    m_MaxSize: 100
    m_Alignment: 0
    m_AlignByGeometry: 0
    m_RichText: 1
    m_HorizontalOverflow: 0
    m_VerticalOverflow: 1
    m_LineSpacing: 1
  m_Text: 'CAMERA '
--- !u!222 &1501107943
CanvasRenderer:
  m_ObjectHideFlags: 0
  m_PrefabParentObject: {fileID: 22205602, guid: 67249a792f444fc4db4d1e7b73a33c66,
    type: 2}
  m_PrefabInternal: {fileID: 350093494}
  m_GameObject: {fileID: 1501107940}
--- !u!1 &1501250307
GameObject:
  m_ObjectHideFlags: 0
  m_PrefabParentObject: {fileID: 105596, guid: 67249a792f444fc4db4d1e7b73a33c66, type: 2}
  m_PrefabInternal: {fileID: 350093494}
  serializedVersion: 4
  m_Component:
  - 224: {fileID: 1501250308}
  - 222: {fileID: 1501250310}
  - 114: {fileID: 1501250309}
  m_Layer: 5
  m_Name: TopBar
  m_TagString: Untagged
  m_Icon: {fileID: 0}
  m_NavMeshLayer: 0
  m_StaticEditorFlags: 0
  m_IsActive: 1
--- !u!224 &1501250308
RectTransform:
  m_ObjectHideFlags: 0
  m_PrefabParentObject: {fileID: 22405596, guid: 67249a792f444fc4db4d1e7b73a33c66,
    type: 2}
  m_PrefabInternal: {fileID: 350093494}
  m_GameObject: {fileID: 1501250307}
  m_LocalRotation: {x: 0, y: 0, z: 0, w: 1}
  m_LocalPosition: {x: 0, y: 0, z: 0}
  m_LocalScale: {x: 1, y: 1, z: 1}
  m_Children:
  - {fileID: 476028774}
  - {fileID: 1344696033}
  - {fileID: 973692492}
  - {fileID: 1426274000}
  m_Father: {fileID: 1542709464}
  m_RootOrder: 1
  m_AnchorMin: {x: 0.5, y: 0.5}
  m_AnchorMax: {x: 0.5, y: 0.5}
  m_AnchoredPosition: {x: 0, y: 518}
  m_SizeDelta: {x: 640, y: 101}
  m_Pivot: {x: 0.5, y: 0.5}
--- !u!114 &1501250309
MonoBehaviour:
  m_ObjectHideFlags: 0
  m_PrefabParentObject: {fileID: 11405602, guid: 67249a792f444fc4db4d1e7b73a33c66,
    type: 2}
  m_PrefabInternal: {fileID: 350093494}
  m_GameObject: {fileID: 1501250307}
  m_Enabled: 1
  m_EditorHideFlags: 0
  m_Script: {fileID: -765806418, guid: f5f67c52d1564df4a8936ccd202a3bd8, type: 3}
  m_Name: 
  m_EditorClassIdentifier: 
  m_Material: {fileID: 0}
  m_Color: {r: 0.08088237, g: 0.08088237, b: 0.08088237, a: 1}
  m_RaycastTarget: 1
  m_OnCullStateChanged:
    m_PersistentCalls:
      m_Calls: []
    m_TypeName: UnityEngine.UI.MaskableGraphic+CullStateChangedEvent, UnityEngine.UI,
      Version=1.0.0.0, Culture=neutral, PublicKeyToken=null
  m_Sprite: {fileID: 21300000, guid: 7ed1238760b863f4aafde32ab3a6f28c, type: 3}
  m_Type: 1
  m_PreserveAspect: 0
  m_FillCenter: 1
  m_FillMethod: 4
  m_FillAmount: 1
  m_FillClockwise: 1
  m_FillOrigin: 0
--- !u!222 &1501250310
CanvasRenderer:
  m_ObjectHideFlags: 0
  m_PrefabParentObject: {fileID: 22205596, guid: 67249a792f444fc4db4d1e7b73a33c66,
    type: 2}
  m_PrefabInternal: {fileID: 350093494}
  m_GameObject: {fileID: 1501250307}
--- !u!1 &1511305452
GameObject:
  m_ObjectHideFlags: 0
  m_PrefabParentObject: {fileID: 0}
  m_PrefabInternal: {fileID: 0}
  serializedVersion: 4
  m_Component:
  - 4: {fileID: 1511305453}
  m_Layer: 0
  m_Name: __SET_YOUR_GAMESCREEN_TO_640x1136
  m_TagString: Untagged
  m_Icon: {fileID: 0}
  m_NavMeshLayer: 0
  m_StaticEditorFlags: 0
  m_IsActive: 1
--- !u!4 &1511305453
Transform:
  m_ObjectHideFlags: 0
  m_PrefabParentObject: {fileID: 0}
  m_PrefabInternal: {fileID: 0}
  m_GameObject: {fileID: 1511305452}
  m_LocalRotation: {x: 0, y: 0, z: 0, w: 1}
  m_LocalPosition: {x: 494.995, y: 627.74, z: 0}
  m_LocalScale: {x: 1, y: 1, z: 1}
  m_Children: []
  m_Father: {fileID: 0}
  m_RootOrder: 2
--- !u!1 &1520670589
GameObject:
  m_ObjectHideFlags: 0
  m_PrefabParentObject: {fileID: 105606, guid: 67249a792f444fc4db4d1e7b73a33c66, type: 2}
  m_PrefabInternal: {fileID: 350093494}
  serializedVersion: 4
  m_Component:
  - 224: {fileID: 1520670590}
  - 222: {fileID: 1520670592}
  - 114: {fileID: 1520670591}
  m_Layer: 5
  m_Name: Line
  m_TagString: Untagged
  m_Icon: {fileID: 0}
  m_NavMeshLayer: 0
  m_StaticEditorFlags: 0
  m_IsActive: 1
--- !u!224 &1520670590
RectTransform:
  m_ObjectHideFlags: 0
  m_PrefabParentObject: {fileID: 22405606, guid: 67249a792f444fc4db4d1e7b73a33c66,
    type: 2}
  m_PrefabInternal: {fileID: 350093494}
  m_GameObject: {fileID: 1520670589}
  m_LocalRotation: {x: 0, y: 0, z: 0, w: 1}
  m_LocalPosition: {x: 0, y: 0, z: 0}
  m_LocalScale: {x: 1, y: 1, z: 1}
  m_Children: []
  m_Father: {fileID: 1741795993}
  m_RootOrder: 0
  m_AnchorMin: {x: 0.5, y: 0.5}
  m_AnchorMax: {x: 0.5, y: 0.5}
  m_AnchoredPosition: {x: -56.24, y: 0}
  m_SizeDelta: {x: 9.9, y: 1}
  m_Pivot: {x: 0.5, y: 0.5}
--- !u!114 &1520670591
MonoBehaviour:
  m_ObjectHideFlags: 0
  m_PrefabParentObject: {fileID: 11405614, guid: 67249a792f444fc4db4d1e7b73a33c66,
    type: 2}
  m_PrefabInternal: {fileID: 350093494}
  m_GameObject: {fileID: 1520670589}
  m_Enabled: 1
  m_EditorHideFlags: 0
  m_Script: {fileID: -765806418, guid: f5f67c52d1564df4a8936ccd202a3bd8, type: 3}
  m_Name: 
  m_EditorClassIdentifier: 
  m_Material: {fileID: 0}
  m_Color: {r: 1, g: 1, b: 1, a: 1}
  m_RaycastTarget: 1
  m_OnCullStateChanged:
    m_PersistentCalls:
      m_Calls: []
    m_TypeName: UnityEngine.UI.MaskableGraphic+CullStateChangedEvent, UnityEngine.UI,
      Version=1.0.0.0, Culture=neutral, PublicKeyToken=null
  m_Sprite: {fileID: 21300000, guid: 7ed1238760b863f4aafde32ab3a6f28c, type: 3}
  m_Type: 1
  m_PreserveAspect: 0
  m_FillCenter: 1
  m_FillMethod: 4
  m_FillAmount: 1
  m_FillClockwise: 1
  m_FillOrigin: 0
--- !u!222 &1520670592
CanvasRenderer:
  m_ObjectHideFlags: 0
  m_PrefabParentObject: {fileID: 22205606, guid: 67249a792f444fc4db4d1e7b73a33c66,
    type: 2}
  m_PrefabInternal: {fileID: 350093494}
  m_GameObject: {fileID: 1520670589}
--- !u!1 &1542709463
GameObject:
  m_ObjectHideFlags: 0
  m_PrefabParentObject: {fileID: 105644, guid: 67249a792f444fc4db4d1e7b73a33c66, type: 2}
  m_PrefabInternal: {fileID: 350093494}
  serializedVersion: 4
  m_Component:
  - 224: {fileID: 1542709464}
  - 222: {fileID: 1542709467}
  - 114: {fileID: 1542709466}
  - 114: {fileID: 1542709465}
  m_Layer: 5
  m_Name: Content
  m_TagString: Untagged
  m_Icon: {fileID: 0}
  m_NavMeshLayer: 0
  m_StaticEditorFlags: 0
  m_IsActive: 1
--- !u!224 &1542709464
RectTransform:
  m_ObjectHideFlags: 0
  m_PrefabParentObject: {fileID: 22405644, guid: 67249a792f444fc4db4d1e7b73a33c66,
    type: 2}
  m_PrefabInternal: {fileID: 350093494}
  m_GameObject: {fileID: 1542709463}
  m_LocalRotation: {x: 0, y: 0, z: 0, w: 1}
  m_LocalPosition: {x: 0, y: 0, z: 0}
  m_LocalScale: {x: 1, y: 1, z: 1}
  m_Children:
  - {fileID: 85023652}
  - {fileID: 1501250308}
  - {fileID: 1741795993}
  - {fileID: 627925223}
  m_Father: {fileID: 1805688062}
  m_RootOrder: 1
  m_AnchorMin: {x: 0.5, y: 0.5}
  m_AnchorMax: {x: 0.5, y: 0.5}
  m_AnchoredPosition: {x: 0, y: 0}
  m_SizeDelta: {x: 640, y: 1136}
  m_Pivot: {x: 0.5, y: 0.5}
--- !u!114 &1542709465
MonoBehaviour:
  m_ObjectHideFlags: 0
  m_PrefabParentObject: {fileID: 11405658, guid: 67249a792f444fc4db4d1e7b73a33c66,
    type: 2}
  m_PrefabInternal: {fileID: 350093494}
  m_GameObject: {fileID: 1542709463}
  m_Enabled: 1
  m_EditorHideFlags: 0
  m_Script: {fileID: -1200242548, guid: f5f67c52d1564df4a8936ccd202a3bd8, type: 3}
  m_Name: 
  m_EditorClassIdentifier: 
  m_ShowMaskGraphic: 1
--- !u!114 &1542709466
MonoBehaviour:
  m_ObjectHideFlags: 0
  m_PrefabParentObject: {fileID: 11405660, guid: 67249a792f444fc4db4d1e7b73a33c66,
    type: 2}
  m_PrefabInternal: {fileID: 350093494}
  m_GameObject: {fileID: 1542709463}
  m_Enabled: 1
  m_EditorHideFlags: 0
  m_Script: {fileID: -765806418, guid: f5f67c52d1564df4a8936ccd202a3bd8, type: 3}
  m_Name: 
  m_EditorClassIdentifier: 
  m_Material: {fileID: 0}
  m_Color: {r: 0.13333334, g: 0.13725491, b: 0.14509805, a: 1}
  m_RaycastTarget: 1
  m_OnCullStateChanged:
    m_PersistentCalls:
      m_Calls: []
    m_TypeName: UnityEngine.UI.MaskableGraphic+CullStateChangedEvent, UnityEngine.UI,
      Version=1.0.0.0, Culture=neutral, PublicKeyToken=null
  m_Sprite: {fileID: 21300000, guid: 7ed1238760b863f4aafde32ab3a6f28c, type: 3}
  m_Type: 1
  m_PreserveAspect: 0
  m_FillCenter: 1
  m_FillMethod: 4
  m_FillAmount: 1
  m_FillClockwise: 1
  m_FillOrigin: 0
--- !u!222 &1542709467
CanvasRenderer:
  m_ObjectHideFlags: 0
  m_PrefabParentObject: {fileID: 22205644, guid: 67249a792f444fc4db4d1e7b73a33c66,
    type: 2}
  m_PrefabInternal: {fileID: 350093494}
  m_GameObject: {fileID: 1542709463}
--- !u!1 &1732610061
GameObject:
  m_ObjectHideFlags: 0
  m_PrefabParentObject: {fileID: 105600, guid: 67249a792f444fc4db4d1e7b73a33c66, type: 2}
  m_PrefabInternal: {fileID: 350093494}
  serializedVersion: 4
  m_Component:
  - 224: {fileID: 1732610062}
  - 222: {fileID: 1732610064}
  - 114: {fileID: 1732610063}
  m_Layer: 5
  m_Name: Text
  m_TagString: Untagged
  m_Icon: {fileID: 0}
  m_NavMeshLayer: 0
  m_StaticEditorFlags: 0
  m_IsActive: 1
--- !u!224 &1732610062
RectTransform:
  m_ObjectHideFlags: 0
  m_PrefabParentObject: {fileID: 22405600, guid: 67249a792f444fc4db4d1e7b73a33c66,
    type: 2}
  m_PrefabInternal: {fileID: 350093494}
  m_GameObject: {fileID: 1732610061}
  m_LocalRotation: {x: 0, y: 0, z: 0, w: 1}
  m_LocalPosition: {x: 0, y: 0, z: 0}
  m_LocalScale: {x: 1, y: 1, z: 1}
  m_Children: []
  m_Father: {fileID: 627925223}
  m_RootOrder: 5
  m_AnchorMin: {x: 0.5, y: 0.5}
  m_AnchorMax: {x: 0.5, y: 0.5}
  m_AnchoredPosition: {x: 130, y: 83.30005}
  m_SizeDelta: {x: 160, y: 30}
  m_Pivot: {x: 0.5, y: 0.5}
--- !u!114 &1732610063
MonoBehaviour:
  m_ObjectHideFlags: 0
  m_PrefabParentObject: {fileID: 11405608, guid: 67249a792f444fc4db4d1e7b73a33c66,
    type: 2}
  m_PrefabInternal: {fileID: 350093494}
  m_GameObject: {fileID: 1732610061}
  m_Enabled: 1
  m_EditorHideFlags: 0
  m_Script: {fileID: 708705254, guid: f5f67c52d1564df4a8936ccd202a3bd8, type: 3}
  m_Name: 
  m_EditorClassIdentifier: 
  m_Material: {fileID: 0}
  m_Color: {r: 0.99607843, g: 0.99607843, b: 0.99607843, a: 1}
  m_RaycastTarget: 1
  m_OnCullStateChanged:
    m_PersistentCalls:
      m_Calls: []
    m_TypeName: UnityEngine.UI.MaskableGraphic+CullStateChangedEvent, UnityEngine.UI,
      Version=1.0.0.0, Culture=neutral, PublicKeyToken=null
  m_FontData:
    m_Font: {fileID: 10102, guid: 0000000000000000e000000000000000, type: 0}
    m_FontSize: 14
    m_FontStyle: 0
    m_BestFit: 0
    m_MinSize: 10
    m_MaxSize: 40
    m_Alignment: 4
    m_AlignByGeometry: 0
    m_RichText: 1
    m_HorizontalOverflow: 0
    m_VerticalOverflow: 0
    m_LineSpacing: 1
  m_Text: S Q U A R E
--- !u!222 &1732610064
CanvasRenderer:
  m_ObjectHideFlags: 0
  m_PrefabParentObject: {fileID: 22205600, guid: 67249a792f444fc4db4d1e7b73a33c66,
    type: 2}
  m_PrefabInternal: {fileID: 350093494}
  m_GameObject: {fileID: 1732610061}
--- !u!1 &1741795992
GameObject:
  m_ObjectHideFlags: 0
  m_PrefabParentObject: {fileID: 105628, guid: 67249a792f444fc4db4d1e7b73a33c66, type: 2}
  m_PrefabInternal: {fileID: 350093494}
  serializedVersion: 4
  m_Component:
  - 224: {fileID: 1741795993}
  - 222: {fileID: 1741795995}
  - 114: {fileID: 1741795994}
  m_Layer: 5
  m_Name: FocusOverlay
  m_TagString: Untagged
  m_Icon: {fileID: 0}
  m_NavMeshLayer: 0
  m_StaticEditorFlags: 0
  m_IsActive: 1
--- !u!224 &1741795993
RectTransform:
  m_ObjectHideFlags: 0
  m_PrefabParentObject: {fileID: 22405628, guid: 67249a792f444fc4db4d1e7b73a33c66,
    type: 2}
  m_PrefabInternal: {fileID: 350093494}
  m_GameObject: {fileID: 1741795992}
  m_LocalRotation: {x: 0, y: 0, z: 0, w: 1}
  m_LocalPosition: {x: 0, y: 0, z: 0}
  m_LocalScale: {x: 1, y: 1, z: 1}
  m_Children:
  - {fileID: 1520670590}
  - {fileID: 336052044}
  - {fileID: 73846998}
  - {fileID: 382034257}
  m_Father: {fileID: 1542709464}
  m_RootOrder: 2
  m_AnchorMin: {x: 0.5, y: 0.5}
  m_AnchorMax: {x: 0.5, y: 0.5}
  m_AnchoredPosition: {x: 61.3, y: 289}
  m_SizeDelta: {x: 122.6, y: 122.64}
  m_Pivot: {x: 0.5, y: 0.5}
--- !u!114 &1741795994
MonoBehaviour:
  m_ObjectHideFlags: 0
  m_PrefabParentObject: {fileID: 11405640, guid: 67249a792f444fc4db4d1e7b73a33c66,
    type: 2}
  m_PrefabInternal: {fileID: 350093494}
  m_GameObject: {fileID: 1741795992}
  m_Enabled: 1
  m_EditorHideFlags: 0
  m_Script: {fileID: -765806418, guid: f5f67c52d1564df4a8936ccd202a3bd8, type: 3}
  m_Name: 
  m_EditorClassIdentifier: 
  m_Material: {fileID: 0}
  m_Color: {r: 1, g: 1, b: 1, a: 1}
  m_RaycastTarget: 1
  m_OnCullStateChanged:
    m_PersistentCalls:
      m_Calls: []
    m_TypeName: UnityEngine.UI.MaskableGraphic+CullStateChangedEvent, UnityEngine.UI,
      Version=1.0.0.0, Culture=neutral, PublicKeyToken=null
  m_Sprite: {fileID: 21300000, guid: ef4fd71bbf687d8488b474e83d25f321, type: 3}
  m_Type: 1
  m_PreserveAspect: 0
  m_FillCenter: 1
  m_FillMethod: 4
  m_FillAmount: 1
  m_FillClockwise: 1
  m_FillOrigin: 0
--- !u!222 &1741795995
CanvasRenderer:
  m_ObjectHideFlags: 0
  m_PrefabParentObject: {fileID: 22205628, guid: 67249a792f444fc4db4d1e7b73a33c66,
    type: 2}
  m_PrefabInternal: {fileID: 350093494}
  m_GameObject: {fileID: 1741795992}
--- !u!1 &1798804616
GameObject:
  m_ObjectHideFlags: 0
  m_PrefabParentObject: {fileID: 105626, guid: 67249a792f444fc4db4d1e7b73a33c66, type: 2}
  m_PrefabInternal: {fileID: 350093494}
  serializedVersion: 4
  m_Component:
  - 224: {fileID: 1798804617}
  - 222: {fileID: 1798804619}
  - 114: {fileID: 1798804618}
  m_Layer: 5
  m_Name: Image
  m_TagString: Untagged
  m_Icon: {fileID: 0}
  m_NavMeshLayer: 0
  m_StaticEditorFlags: 0
  m_IsActive: 1
--- !u!224 &1798804617
RectTransform:
  m_ObjectHideFlags: 0
  m_PrefabParentObject: {fileID: 22405626, guid: 67249a792f444fc4db4d1e7b73a33c66,
    type: 2}
  m_PrefabInternal: {fileID: 350093494}
  m_GameObject: {fileID: 1798804616}
  m_LocalRotation: {x: 0, y: 0, z: 0, w: 1}
  m_LocalPosition: {x: 0, y: 0, z: 0}
  m_LocalScale: {x: 1, y: 1, z: 1}
  m_Children: []
  m_Father: {fileID: 239415039}
  m_RootOrder: 0
  m_AnchorMin: {x: 0.5, y: 0.5}
  m_AnchorMax: {x: 0.5, y: 0.5}
  m_AnchoredPosition: {x: 0, y: 14.5}
  m_SizeDelta: {x: 7.8, y: 7.6}
  m_Pivot: {x: 0.5, y: 0.5}
--- !u!114 &1798804618
MonoBehaviour:
  m_ObjectHideFlags: 0
  m_PrefabParentObject: {fileID: 11405638, guid: 67249a792f444fc4db4d1e7b73a33c66,
    type: 2}
  m_PrefabInternal: {fileID: 350093494}
  m_GameObject: {fileID: 1798804616}
  m_Enabled: 1
  m_EditorHideFlags: 0
  m_Script: {fileID: -765806418, guid: f5f67c52d1564df4a8936ccd202a3bd8, type: 3}
  m_Name: 
  m_EditorClassIdentifier: 
  m_Material: {fileID: 0}
  m_Color: {r: 1, g: 1, b: 1, a: 1}
  m_RaycastTarget: 1
  m_OnCullStateChanged:
    m_PersistentCalls:
      m_Calls: []
    m_TypeName: UnityEngine.UI.MaskableGraphic+CullStateChangedEvent, UnityEngine.UI,
      Version=1.0.0.0, Culture=neutral, PublicKeyToken=null
  m_Sprite: {fileID: 21300000, guid: f04f7faa5cfd8444a9b61e426135725f, type: 3}
  m_Type: 0
  m_PreserveAspect: 0
  m_FillCenter: 1
  m_FillMethod: 4
  m_FillAmount: 1
  m_FillClockwise: 1
  m_FillOrigin: 0
--- !u!222 &1798804619
CanvasRenderer:
  m_ObjectHideFlags: 0
  m_PrefabParentObject: {fileID: 22205626, guid: 67249a792f444fc4db4d1e7b73a33c66,
    type: 2}
  m_PrefabInternal: {fileID: 350093494}
  m_GameObject: {fileID: 1798804616}
--- !u!1 &1805688057
GameObject:
  m_ObjectHideFlags: 0
  m_PrefabParentObject: {fileID: 105646, guid: 67249a792f444fc4db4d1e7b73a33c66, type: 2}
  m_PrefabInternal: {fileID: 350093494}
  serializedVersion: 4
  m_Component:
  - 224: {fileID: 1805688062}
  - 223: {fileID: 1805688061}
  - 114: {fileID: 1805688060}
  - 114: {fileID: 1805688059}
  - 222: {fileID: 1805688058}
  m_Layer: 5
  m_Name: CameraApp_3
  m_TagString: Untagged
  m_Icon: {fileID: 0}
  m_NavMeshLayer: 0
  m_StaticEditorFlags: 0
  m_IsActive: 1
--- !u!222 &1805688058
CanvasRenderer:
  m_ObjectHideFlags: 0
  m_PrefabParentObject: {fileID: 22205646, guid: 67249a792f444fc4db4d1e7b73a33c66,
    type: 2}
  m_PrefabInternal: {fileID: 350093494}
  m_GameObject: {fileID: 1805688057}
--- !u!114 &1805688059
MonoBehaviour:
  m_ObjectHideFlags: 0
  m_PrefabParentObject: {fileID: 11405662, guid: 67249a792f444fc4db4d1e7b73a33c66,
    type: 2}
  m_PrefabInternal: {fileID: 350093494}
  m_GameObject: {fileID: 1805688057}
  m_Enabled: 1
  m_EditorHideFlags: 0
  m_Script: {fileID: 1301386320, guid: f5f67c52d1564df4a8936ccd202a3bd8, type: 3}
  m_Name: 
  m_EditorClassIdentifier: 
  m_IgnoreReversedGraphics: 1
  m_BlockingObjects: 0
  m_BlockingMask:
    serializedVersion: 2
    m_Bits: 4294967295
--- !u!114 &1805688060
MonoBehaviour:
  m_ObjectHideFlags: 0
  m_PrefabParentObject: {fileID: 11405664, guid: 67249a792f444fc4db4d1e7b73a33c66,
    type: 2}
  m_PrefabInternal: {fileID: 350093494}
  m_GameObject: {fileID: 1805688057}
  m_Enabled: 1
  m_EditorHideFlags: 0
  m_Script: {fileID: 1980459831, guid: f5f67c52d1564df4a8936ccd202a3bd8, type: 3}
  m_Name: 
  m_EditorClassIdentifier: 
  m_UiScaleMode: 1
  m_ReferencePixelsPerUnit: 100
  m_ScaleFactor: 1
  m_ReferenceResolution: {x: 640, y: 1136}
  m_ScreenMatchMode: 0
  m_MatchWidthOrHeight: 1
  m_PhysicalUnit: 3
  m_FallbackScreenDPI: 96
  m_DefaultSpriteDPI: 96
  m_DynamicPixelsPerUnit: 1
--- !u!223 &1805688061
Canvas:
  m_ObjectHideFlags: 0
  m_PrefabParentObject: {fileID: 22305592, guid: 67249a792f444fc4db4d1e7b73a33c66,
    type: 2}
  m_PrefabInternal: {fileID: 350093494}
  m_GameObject: {fileID: 1805688057}
  m_Enabled: 1
  serializedVersion: 2
  m_RenderMode: 0
  m_Camera: {fileID: 0}
  m_PlaneDistance: 100
  m_PixelPerfect: 1
  m_ReceivesEvents: 1
  m_OverrideSorting: 0
  m_OverridePixelPerfect: 0
  m_SortingLayerID: 0
  m_SortingOrder: 0
  m_TargetDisplay: 0
--- !u!224 &1805688062
RectTransform:
  m_ObjectHideFlags: 0
  m_PrefabParentObject: {fileID: 22405646, guid: 67249a792f444fc4db4d1e7b73a33c66,
    type: 2}
  m_PrefabInternal: {fileID: 350093494}
  m_GameObject: {fileID: 1805688057}
  m_LocalRotation: {x: 0, y: 0, z: 0, w: 1}
  m_LocalPosition: {x: 0, y: 0, z: 0}
  m_LocalScale: {x: 0, y: 0, z: 0}
  m_Children:
  - {fileID: 1501107941}
  - {fileID: 1542709464}
  m_Father: {fileID: 0}
  m_RootOrder: 0
  m_AnchorMin: {x: 0, y: 0}
  m_AnchorMax: {x: 0, y: 0}
  m_AnchoredPosition: {x: 0, y: 0}
  m_SizeDelta: {x: 0, y: 0}
  m_Pivot: {x: 0, y: 0}
--- !u!1 &1935809398
GameObject:
  m_ObjectHideFlags: 0
  m_PrefabParentObject: {fileID: 105618, guid: 67249a792f444fc4db4d1e7b73a33c66, type: 2}
  m_PrefabInternal: {fileID: 350093494}
  serializedVersion: 4
  m_Component:
  - 224: {fileID: 1935809399}
  - 222: {fileID: 1935809401}
  - 114: {fileID: 1935809400}
  m_Layer: 5
  m_Name: Text
  m_TagString: Untagged
  m_Icon: {fileID: 0}
  m_NavMeshLayer: 0
  m_StaticEditorFlags: 0
  m_IsActive: 1
--- !u!224 &1935809399
RectTransform:
  m_ObjectHideFlags: 0
  m_PrefabParentObject: {fileID: 22405618, guid: 67249a792f444fc4db4d1e7b73a33c66,
    type: 2}
  m_PrefabInternal: {fileID: 350093494}
  m_GameObject: {fileID: 1935809398}
  m_LocalRotation: {x: 0, y: 0, z: 0, w: 1}
  m_LocalPosition: {x: 0, y: 0, z: 0}
  m_LocalScale: {x: 1, y: 1, z: 1}
  m_Children: []
  m_Father: {fileID: 627925223}
  m_RootOrder: 7
  m_AnchorMin: {x: 0.5, y: 0.5}
  m_AnchorMax: {x: 0.5, y: 0.5}
  m_AnchoredPosition: {x: 270, y: 83.3}
  m_SizeDelta: {x: 160, y: 30}
  m_Pivot: {x: 0.5, y: 0.5}
--- !u!114 &1935809400
MonoBehaviour:
  m_ObjectHideFlags: 0
  m_PrefabParentObject: {fileID: 11405628, guid: 67249a792f444fc4db4d1e7b73a33c66,
    type: 2}
  m_PrefabInternal: {fileID: 350093494}
  m_GameObject: {fileID: 1935809398}
  m_Enabled: 1
  m_EditorHideFlags: 0
  m_Script: {fileID: 708705254, guid: f5f67c52d1564df4a8936ccd202a3bd8, type: 3}
  m_Name: 
  m_EditorClassIdentifier: 
  m_Material: {fileID: 0}
  m_Color: {r: 0.99607843, g: 0.99607843, b: 0.99607843, a: 1}
  m_RaycastTarget: 1
  m_OnCullStateChanged:
    m_PersistentCalls:
      m_Calls: []
    m_TypeName: UnityEngine.UI.MaskableGraphic+CullStateChangedEvent, UnityEngine.UI,
      Version=1.0.0.0, Culture=neutral, PublicKeyToken=null
  m_FontData:
    m_Font: {fileID: 10102, guid: 0000000000000000e000000000000000, type: 0}
    m_FontSize: 14
    m_FontStyle: 0
    m_BestFit: 0
    m_MinSize: 10
    m_MaxSize: 40
    m_Alignment: 4
    m_AlignByGeometry: 0
    m_RichText: 1
    m_HorizontalOverflow: 0
    m_VerticalOverflow: 0
    m_LineSpacing: 1
  m_Text: P A N O R A M A
--- !u!222 &1935809401
CanvasRenderer:
  m_ObjectHideFlags: 0
  m_PrefabParentObject: {fileID: 22205618, guid: 67249a792f444fc4db4d1e7b73a33c66,
    type: 2}
  m_PrefabInternal: {fileID: 350093494}
  m_GameObject: {fileID: 1935809398}
--- !u!1 &1987871134
GameObject:
  m_ObjectHideFlags: 0
  m_PrefabParentObject: {fileID: 105648, guid: 67249a792f444fc4db4d1e7b73a33c66, type: 2}
  m_PrefabInternal: {fileID: 350093494}
  serializedVersion: 4
  m_Component:
  - 224: {fileID: 1987871135}
  - 222: {fileID: 1987871137}
  - 114: {fileID: 1987871136}
  m_Layer: 5
  m_Name: Icon
  m_TagString: Untagged
  m_Icon: {fileID: 0}
  m_NavMeshLayer: 0
  m_StaticEditorFlags: 0
  m_IsActive: 1
--- !u!224 &1987871135
RectTransform:
  m_ObjectHideFlags: 0
  m_PrefabParentObject: {fileID: 22405648, guid: 67249a792f444fc4db4d1e7b73a33c66,
    type: 2}
  m_PrefabInternal: {fileID: 350093494}
  m_GameObject: {fileID: 1987871134}
  m_LocalRotation: {x: 0, y: 0, z: 0, w: 1}
  m_LocalPosition: {x: 0, y: 0, z: 0}
  m_LocalScale: {x: 1, y: 1, z: 1}
  m_Children: []
  m_Father: {fileID: 1252992662}
  m_RootOrder: 1
  m_AnchorMin: {x: 0.5, y: 0.5}
  m_AnchorMax: {x: 0.5, y: 0.5}
  m_AnchoredPosition: {x: 17, y: -23.5}
  m_SizeDelta: {x: 45, y: 44}
  m_Pivot: {x: 0.5, y: 0.5}
--- !u!114 &1987871136
MonoBehaviour:
  m_ObjectHideFlags: 0
  m_PrefabParentObject: {fileID: 11405666, guid: 67249a792f444fc4db4d1e7b73a33c66,
    type: 2}
  m_PrefabInternal: {fileID: 350093494}
  m_GameObject: {fileID: 1987871134}
  m_Enabled: 1
  m_EditorHideFlags: 0
  m_Script: {fileID: -765806418, guid: f5f67c52d1564df4a8936ccd202a3bd8, type: 3}
  m_Name: 
  m_EditorClassIdentifier: 
  m_Material: {fileID: 0}
  m_Color: {r: 0.9647059, g: 0.9647059, b: 0.9647059, a: 0.7921569}
  m_RaycastTarget: 1
  m_OnCullStateChanged:
    m_PersistentCalls:
      m_Calls: []
    m_TypeName: UnityEngine.UI.MaskableGraphic+CullStateChangedEvent, UnityEngine.UI,
      Version=1.0.0.0, Culture=neutral, PublicKeyToken=null
  m_Sprite: {fileID: 21300000, guid: f04f7faa5cfd8444a9b61e426135725f, type: 3}
  m_Type: 0
  m_PreserveAspect: 0
  m_FillCenter: 1
  m_FillMethod: 4
  m_FillAmount: 1
  m_FillClockwise: 1
  m_FillOrigin: 0
--- !u!222 &1987871137
CanvasRenderer:
  m_ObjectHideFlags: 0
  m_PrefabParentObject: {fileID: 22205648, guid: 67249a792f444fc4db4d1e7b73a33c66,
    type: 2}
  m_PrefabInternal: {fileID: 350093494}
  m_GameObject: {fileID: 1987871134}
--- !u!1 &2086090435
GameObject:
  m_ObjectHideFlags: 0
  m_PrefabParentObject: {fileID: 105592, guid: 67249a792f444fc4db4d1e7b73a33c66, type: 2}
  m_PrefabInternal: {fileID: 350093494}
  serializedVersion: 4
  m_Component:
  - 224: {fileID: 2086090436}
  - 222: {fileID: 2086090438}
  - 114: {fileID: 2086090437}
  m_Layer: 5
  m_Name: Text
  m_TagString: Untagged
  m_Icon: {fileID: 0}
  m_NavMeshLayer: 0
  m_StaticEditorFlags: 0
  m_IsActive: 1
--- !u!224 &2086090436
RectTransform:
  m_ObjectHideFlags: 0
  m_PrefabParentObject: {fileID: 22405592, guid: 67249a792f444fc4db4d1e7b73a33c66,
    type: 2}
  m_PrefabInternal: {fileID: 350093494}
  m_GameObject: {fileID: 2086090435}
  m_LocalRotation: {x: 0, y: 0, z: 0, w: 1}
  m_LocalPosition: {x: 0, y: 0, z: 0}
  m_LocalScale: {x: 1, y: -1, z: 1}
  m_Children: []
  m_Father: {fileID: 973692492}
  m_RootOrder: 0
  m_AnchorMin: {x: 0.5, y: 0.5}
  m_AnchorMax: {x: 0.5, y: 0.5}
  m_AnchoredPosition: {x: 42.8, y: 0}
  m_SizeDelta: {x: 39.8, y: 40}
  m_Pivot: {x: 0.5, y: 0.5}
--- !u!114 &2086090437
MonoBehaviour:
  m_ObjectHideFlags: 0
  m_PrefabParentObject: {fileID: 11405598, guid: 67249a792f444fc4db4d1e7b73a33c66,
    type: 2}
  m_PrefabInternal: {fileID: 350093494}
  m_GameObject: {fileID: 2086090435}
  m_Enabled: 1
  m_EditorHideFlags: 0
  m_Script: {fileID: 708705254, guid: f5f67c52d1564df4a8936ccd202a3bd8, type: 3}
  m_Name: 
  m_EditorClassIdentifier: 
  m_Material: {fileID: 0}
  m_Color: {r: 1, g: 1, b: 1, a: 1}
  m_RaycastTarget: 1
  m_OnCullStateChanged:
    m_PersistentCalls:
      m_Calls: []
    m_TypeName: UnityEngine.UI.MaskableGraphic+CullStateChangedEvent, UnityEngine.UI,
      Version=1.0.0.0, Culture=neutral, PublicKeyToken=null
  m_FontData:
    m_Font: {fileID: 12800000, guid: bd1ea67ca2b5742d1a24fcbdc17c55e1, type: 3}
    m_FontSize: 18
    m_FontStyle: 0
    m_BestFit: 0
    m_MinSize: 10
    m_MaxSize: 40
    m_Alignment: 3
    m_AlignByGeometry: 0
    m_RichText: 1
    m_HorizontalOverflow: 0
    m_VerticalOverflow: 0
    m_LineSpacing: 1
  m_Text: Off
--- !u!222 &2086090438
CanvasRenderer:
  m_ObjectHideFlags: 0
  m_PrefabParentObject: {fileID: 22205592, guid: 67249a792f444fc4db4d1e7b73a33c66,
    type: 2}
  m_PrefabInternal: {fileID: 350093494}
  m_GameObject: {fileID: 2086090435}
