%YAML 1.1
%TAG !u! tag:unity3d.com,2011:
--- !u!29 &1
SceneSettings:
  m_ObjectHideFlags: 0
  m_PVSData: 
  m_PVSObjectsArray: []
  m_PVSPortalsArray: []
  m_OcclusionBakeSettings:
    smallestOccluder: 5
    smallestHole: 0.25
    backfaceThreshold: 100
--- !u!104 &2
RenderSettings:
  m_ObjectHideFlags: 0
  serializedVersion: 6
  m_Fog: 0
  m_FogColor: {r: 0.5, g: 0.5, b: 0.5, a: 1}
  m_FogMode: 3
  m_FogDensity: 0.01
  m_LinearFogStart: 0
  m_LinearFogEnd: 300
  m_AmbientSkyColor: {r: 0.212, g: 0.227, b: 0.259, a: 1}
  m_AmbientEquatorColor: {r: 0.114, g: 0.125, b: 0.133, a: 1}
  m_AmbientGroundColor: {r: 0.047, g: 0.043, b: 0.035, a: 1}
  m_AmbientIntensity: 1
  m_AmbientMode: 0
  m_SkyboxMaterial: {fileID: 10304, guid: 0000000000000000f000000000000000, type: 0}
  m_HaloStrength: 0.5
  m_FlareStrength: 1
  m_FlareFadeSpeed: 3
  m_HaloTexture: {fileID: 0}
  m_SpotCookie: {fileID: 10001, guid: 0000000000000000e000000000000000, type: 0}
  m_DefaultReflectionMode: 0
  m_DefaultReflectionResolution: 128
  m_ReflectionBounces: 1
  m_ReflectionIntensity: 1
  m_CustomReflection: {fileID: 0}
  m_Sun: {fileID: 0}
--- !u!157 &4
LightmapSettings:
  m_ObjectHideFlags: 0
  serializedVersion: 6
  m_GIWorkflowMode: 0
  m_LightmapsMode: 1
  m_GISettings:
    serializedVersion: 2
    m_BounceScale: 1
    m_IndirectOutputScale: 1
    m_AlbedoBoost: 1
    m_TemporalCoherenceThreshold: 1
    m_EnvironmentLightingMode: 0
    m_EnableBakedLightmaps: 1
    m_EnableRealtimeLightmaps: 1
  m_LightmapEditorSettings:
    serializedVersion: 3
    m_Resolution: 2
    m_BakeResolution: 40
    m_TextureWidth: 1024
    m_TextureHeight: 1024
    m_AOMaxDistance: 1
    m_Padding: 2
    m_CompAOExponent: 0
    m_LightmapParameters: {fileID: 0}
    m_TextureCompression: 1
    m_FinalGather: 0
    m_FinalGatherRayCount: 1024
    m_ReflectionCompression: 2
  m_LightingDataAsset: {fileID: 0}
  m_RuntimeCPUUsage: 25
--- !u!196 &5
NavMeshSettings:
  serializedVersion: 2
  m_ObjectHideFlags: 0
  m_BuildSettings:
    serializedVersion: 2
    agentRadius: 0.5
    agentHeight: 2
    agentSlope: 45
    agentClimb: 0.4
    ledgeDropHeight: 0
    maxJumpAcrossDistance: 0
    accuratePlacement: 0
    minRegionArea: 2
    cellSize: 0.16666667
    manualCellSize: 0
  m_NavMeshData: {fileID: 0}
--- !u!1 &26848671
GameObject:
  m_ObjectHideFlags: 0
  m_PrefabParentObject: {fileID: 179470, guid: 13155598da289b6468da0742062328f5, type: 2}
  m_PrefabInternal: {fileID: 1368200695}
  serializedVersion: 4
  m_Component:
  - 224: {fileID: 26848672}
  - 222: {fileID: 26848674}
  - 114: {fileID: 26848673}
  m_Layer: 5
  m_Name: Text
  m_TagString: Untagged
  m_Icon: {fileID: 0}
  m_NavMeshLayer: 0
  m_StaticEditorFlags: 0
  m_IsActive: 1
--- !u!224 &26848672
RectTransform:
  m_ObjectHideFlags: 0
  m_PrefabParentObject: {fileID: 22479470, guid: 13155598da289b6468da0742062328f5,
    type: 2}
  m_PrefabInternal: {fileID: 1368200695}
  m_GameObject: {fileID: 26848671}
  m_LocalRotation: {x: 0, y: 0, z: 0, w: 1}
  m_LocalPosition: {x: 0, y: 0, z: 0}
  m_LocalScale: {x: 1, y: 1, z: 1}
  m_Children: []
  m_Father: {fileID: 945538242}
  m_RootOrder: 3
  m_AnchorMin: {x: 0.5, y: 0.5}
  m_AnchorMax: {x: 0.5, y: 0.5}
  m_AnchoredPosition: {x: 0, y: 917}
  m_SizeDelta: {x: 356, y: 142}
  m_Pivot: {x: 0.5, y: 0.5}
--- !u!114 &26848673
MonoBehaviour:
  m_ObjectHideFlags: 0
  m_PrefabParentObject: {fileID: 11479462, guid: 13155598da289b6468da0742062328f5,
    type: 2}
  m_PrefabInternal: {fileID: 1368200695}
  m_GameObject: {fileID: 26848671}
  m_Enabled: 1
  m_EditorHideFlags: 0
  m_Script: {fileID: 708705254, guid: f5f67c52d1564df4a8936ccd202a3bd8, type: 3}
  m_Name: 
  m_EditorClassIdentifier: 
  m_Material: {fileID: 0}
  m_Color: {r: 1, g: 1, b: 1, a: 1}
  m_RaycastTarget: 1
  m_OnCullStateChanged:
    m_PersistentCalls:
      m_Calls: []
    m_TypeName: UnityEngine.UI.MaskableGraphic+CullStateChangedEvent, UnityEngine.UI,
      Version=1.0.0.0, Culture=neutral, PublicKeyToken=null
  m_FontData:
    m_Font: {fileID: 12800000, guid: 7dfc2e1472ac84e1bb749a8a9f934483, type: 3}
    m_FontSize: 35
    m_FontStyle: 0
    m_BestFit: 0
    m_MinSize: 10
    m_MaxSize: 40
    m_Alignment: 4
    m_AlignByGeometry: 0
    m_RichText: 1
    m_HorizontalOverflow: 0
    m_VerticalOverflow: 0
    m_LineSpacing: 1
  m_Text: beffio
--- !u!222 &26848674
CanvasRenderer:
  m_ObjectHideFlags: 0
  m_PrefabParentObject: {fileID: 22279472, guid: 13155598da289b6468da0742062328f5,
    type: 2}
  m_PrefabInternal: {fileID: 1368200695}
  m_GameObject: {fileID: 26848671}
--- !u!1 &86067672
GameObject:
  m_ObjectHideFlags: 0
  m_PrefabParentObject: {fileID: 179460, guid: 13155598da289b6468da0742062328f5, type: 2}
  m_PrefabInternal: {fileID: 1368200695}
  serializedVersion: 4
  m_Component:
  - 224: {fileID: 86067673}
  - 222: {fileID: 86067675}
  - 114: {fileID: 86067674}
  m_Layer: 5
  m_Name: Text
  m_TagString: Untagged
  m_Icon: {fileID: 0}
  m_NavMeshLayer: 0
  m_StaticEditorFlags: 0
  m_IsActive: 1
--- !u!224 &86067673
RectTransform:
  m_ObjectHideFlags: 0
  m_PrefabParentObject: {fileID: 22479460, guid: 13155598da289b6468da0742062328f5,
    type: 2}
  m_PrefabInternal: {fileID: 1368200695}
  m_GameObject: {fileID: 86067672}
  m_LocalRotation: {x: 0, y: 0, z: 0, w: 1}
  m_LocalPosition: {x: 0, y: 0, z: 0}
  m_LocalScale: {x: 1, y: 1, z: 1}
  m_Children: []
  m_Father: {fileID: 1170059332}
  m_RootOrder: 1
  m_AnchorMin: {x: 0.5, y: 0.5}
  m_AnchorMax: {x: 0.5, y: 0.5}
  m_AnchoredPosition: {x: 0, y: -39}
  m_SizeDelta: {x: 211.06, y: 67}
  m_Pivot: {x: 0.5, y: 0.5}
--- !u!114 &86067674
MonoBehaviour:
  m_ObjectHideFlags: 0
  m_PrefabParentObject: {fileID: 11479452, guid: 13155598da289b6468da0742062328f5,
    type: 2}
  m_PrefabInternal: {fileID: 1368200695}
  m_GameObject: {fileID: 86067672}
  m_Enabled: 1
  m_EditorHideFlags: 0
  m_Script: {fileID: 708705254, guid: f5f67c52d1564df4a8936ccd202a3bd8, type: 3}
  m_Name: 
  m_EditorClassIdentifier: 
  m_Material: {fileID: 0}
  m_Color: {r: 0.9044118, g: 0.9044118, b: 0.9044118, a: 1}
  m_RaycastTarget: 1
  m_OnCullStateChanged:
    m_PersistentCalls:
      m_Calls: []
    m_TypeName: UnityEngine.UI.MaskableGraphic+CullStateChangedEvent, UnityEngine.UI,
      Version=1.0.0.0, Culture=neutral, PublicKeyToken=null
  m_FontData:
    m_Font: {fileID: 12800000, guid: bd1ea67ca2b5742d1a24fcbdc17c55e1, type: 3}
    m_FontSize: 45
    m_FontStyle: 0
    m_BestFit: 0
    m_MinSize: 10
    m_MaxSize: 45
    m_Alignment: 4
    m_AlignByGeometry: 0
    m_RichText: 1
    m_HorizontalOverflow: 0
    m_VerticalOverflow: 0
    m_LineSpacing: 1
  m_Text: Pictures
--- !u!222 &86067675
CanvasRenderer:
  m_ObjectHideFlags: 0
  m_PrefabParentObject: {fileID: 22279462, guid: 13155598da289b6468da0742062328f5,
    type: 2}
  m_PrefabInternal: {fileID: 1368200695}
  m_GameObject: {fileID: 86067672}
--- !u!1 &104421215
GameObject:
  m_ObjectHideFlags: 0
  m_PrefabParentObject: {fileID: 179500, guid: 13155598da289b6468da0742062328f5, type: 2}
  m_PrefabInternal: {fileID: 1368200695}
  serializedVersion: 4
  m_Component:
  - 224: {fileID: 104421216}
  - 222: {fileID: 104421219}
  - 114: {fileID: 104421218}
  - 114: {fileID: 104421217}
  m_Layer: 5
  m_Name: Button
  m_TagString: Untagged
  m_Icon: {fileID: 0}
  m_NavMeshLayer: 0
  m_StaticEditorFlags: 0
  m_IsActive: 1
--- !u!224 &104421216
RectTransform:
  m_ObjectHideFlags: 0
  m_PrefabParentObject: {fileID: 22479500, guid: 13155598da289b6468da0742062328f5,
    type: 2}
  m_PrefabInternal: {fileID: 1368200695}
  m_GameObject: {fileID: 104421215}
  m_LocalRotation: {x: 0, y: 0, z: 1, w: -0.00000004371139}
  m_LocalPosition: {x: 0, y: 0, z: 0}
  m_LocalScale: {x: 1, y: 1, z: 1}
  m_Children:
  - {fileID: 493504797}
  m_Father: {fileID: 945538242}
  m_RootOrder: 4
  m_AnchorMin: {x: 0.5, y: 0.5}
  m_AnchorMax: {x: 0.5, y: 0.5}
  m_AnchoredPosition: {x: -486.5, y: 751}
  m_SizeDelta: {x: 409, y: 100}
  m_Pivot: {x: 0.5, y: 0.5}
--- !u!114 &104421217
MonoBehaviour:
  m_ObjectHideFlags: 0
  m_PrefabParentObject: {fileID: 11479500, guid: 13155598da289b6468da0742062328f5,
    type: 2}
  m_PrefabInternal: {fileID: 1368200695}
  m_GameObject: {fileID: 104421215}
  m_Enabled: 1
  m_EditorHideFlags: 0
  m_Script: {fileID: 1392445389, guid: f5f67c52d1564df4a8936ccd202a3bd8, type: 3}
  m_Name: 
  m_EditorClassIdentifier: 
  m_Navigation:
    m_Mode: 3
    m_SelectOnUp: {fileID: 0}
    m_SelectOnDown: {fileID: 0}
    m_SelectOnLeft: {fileID: 0}
    m_SelectOnRight: {fileID: 0}
  m_Transition: 1
  m_Colors:
    m_NormalColor: {r: 1, g: 1, b: 1, a: 1}
    m_HighlightedColor: {r: 0.9607843, g: 0.9607843, b: 0.9607843, a: 1}
    m_PressedColor: {r: 0.78431374, g: 0.78431374, b: 0.78431374, a: 1}
    m_DisabledColor: {r: 0.78431374, g: 0.78431374, b: 0.78431374, a: 0.5019608}
    m_ColorMultiplier: 1
    m_FadeDuration: 0.1
  m_SpriteState:
    m_HighlightedSprite: {fileID: 0}
    m_PressedSprite: {fileID: 0}
    m_DisabledSprite: {fileID: 0}
  m_AnimationTriggers:
    m_NormalTrigger: Normal
    m_HighlightedTrigger: Highlighted
    m_PressedTrigger: Pressed
    m_DisabledTrigger: Disabled
  m_Interactable: 1
  m_TargetGraphic: {fileID: 104421218}
  m_OnClick:
    m_PersistentCalls:
      m_Calls: []
    m_TypeName: UnityEngine.UI.Button+ButtonClickedEvent, UnityEngine.UI, Version=1.0.0.0,
      Culture=neutral, PublicKeyToken=null
--- !u!114 &104421218
MonoBehaviour:
  m_ObjectHideFlags: 0
  m_PrefabParentObject: {fileID: 11479498, guid: 13155598da289b6468da0742062328f5,
    type: 2}
  m_PrefabInternal: {fileID: 1368200695}
  m_GameObject: {fileID: 104421215}
  m_Enabled: 1
  m_EditorHideFlags: 0
  m_Script: {fileID: -765806418, guid: f5f67c52d1564df4a8936ccd202a3bd8, type: 3}
  m_Name: 
  m_EditorClassIdentifier: 
  m_Material: {fileID: 0}
  m_Color: {r: 0.17165874, g: 0.9338235, b: 0.55536926, a: 1}
  m_RaycastTarget: 1
  m_OnCullStateChanged:
    m_PersistentCalls:
      m_Calls: []
    m_TypeName: UnityEngine.UI.MaskableGraphic+CullStateChangedEvent, UnityEngine.UI,
      Version=1.0.0.0, Culture=neutral, PublicKeyToken=null
  m_Sprite: {fileID: 21300000, guid: e2d222ff67f498a4ba4efc3d7ee2986a, type: 3}
  m_Type: 1
  m_PreserveAspect: 0
  m_FillCenter: 1
  m_FillMethod: 4
  m_FillAmount: 1
  m_FillClockwise: 1
  m_FillOrigin: 0
--- !u!222 &104421219
CanvasRenderer:
  m_ObjectHideFlags: 0
  m_PrefabParentObject: {fileID: 22279500, guid: 13155598da289b6468da0742062328f5,
    type: 2}
  m_PrefabInternal: {fileID: 1368200695}
  m_GameObject: {fileID: 104421215}
--- !u!1 &261410556
GameObject:
  m_ObjectHideFlags: 0
  m_PrefabParentObject: {fileID: 179452, guid: 13155598da289b6468da0742062328f5, type: 2}
  m_PrefabInternal: {fileID: 1368200695}
  serializedVersion: 4
  m_Component:
  - 224: {fileID: 261410557}
  - 222: {fileID: 261410559}
  - 114: {fileID: 261410558}
  m_Layer: 5
  m_Name: FillingObject
  m_TagString: Untagged
  m_Icon: {fileID: 0}
  m_NavMeshLayer: 0
  m_StaticEditorFlags: 0
  m_IsActive: 1
--- !u!224 &261410557
RectTransform:
  m_ObjectHideFlags: 0
  m_PrefabParentObject: {fileID: 22479452, guid: 13155598da289b6468da0742062328f5,
    type: 2}
  m_PrefabInternal: {fileID: 1368200695}
  m_GameObject: {fileID: 261410556}
  m_LocalRotation: {x: 0, y: 0, z: 0, w: 1}
  m_LocalPosition: {x: 0, y: 0, z: 0}
  m_LocalScale: {x: 1, y: 1, z: 1}
  m_Children:
  - {fileID: 2034708156}
  - {fileID: 562732076}
  - {fileID: 1437884966}
  m_Father: {fileID: 945538242}
  m_RootOrder: 8
  m_AnchorMin: {x: 0.5, y: 0.5}
  m_AnchorMax: {x: 0.5, y: 0.5}
  m_AnchoredPosition: {x: 344, y: -505}
  m_SizeDelta: {x: 525, y: 525}
  m_Pivot: {x: 0.5, y: 0.5}
--- !u!114 &261410558
MonoBehaviour:
  m_ObjectHideFlags: 0
  m_PrefabParentObject: {fileID: 11479444, guid: 13155598da289b6468da0742062328f5,
    type: 2}
  m_PrefabInternal: {fileID: 1368200695}
  m_GameObject: {fileID: 261410556}
  m_Enabled: 1
  m_EditorHideFlags: 0
  m_Script: {fileID: -765806418, guid: f5f67c52d1564df4a8936ccd202a3bd8, type: 3}
  m_Name: 
  m_EditorClassIdentifier: 
  m_Material: {fileID: 0}
  m_Color: {r: 0.13854672, g: 0.14440073, b: 0.15294118, a: 1}
  m_RaycastTarget: 1
  m_OnCullStateChanged:
    m_PersistentCalls:
      m_Calls: []
    m_TypeName: UnityEngine.UI.MaskableGraphic+CullStateChangedEvent, UnityEngine.UI,
      Version=1.0.0.0, Culture=neutral, PublicKeyToken=null
  m_Sprite: {fileID: 21300000, guid: 0796c5d7e7e637d40a42ad4deab007c5, type: 3}
  m_Type: 3
  m_PreserveAspect: 0
  m_FillCenter: 1
  m_FillMethod: 4
  m_FillAmount: 1
  m_FillClockwise: 1
  m_FillOrigin: 2
--- !u!222 &261410559
CanvasRenderer:
  m_ObjectHideFlags: 0
  m_PrefabParentObject: {fileID: 22279454, guid: 13155598da289b6468da0742062328f5,
    type: 2}
  m_PrefabInternal: {fileID: 1368200695}
  m_GameObject: {fileID: 261410556}
--- !u!1 &322857162
GameObject:
  m_ObjectHideFlags: 0
  m_PrefabParentObject: {fileID: 179446, guid: 13155598da289b6468da0742062328f5, type: 2}
  m_PrefabInternal: {fileID: 1368200695}
  serializedVersion: 4
  m_Component:
  - 224: {fileID: 322857163}
  - 222: {fileID: 322857165}
  - 114: {fileID: 322857164}
  m_Layer: 5
  m_Name: Text
  m_TagString: Untagged
  m_Icon: {fileID: 0}
  m_NavMeshLayer: 0
  m_StaticEditorFlags: 0
  m_IsActive: 1
--- !u!224 &322857163
RectTransform:
  m_ObjectHideFlags: 0
  m_PrefabParentObject: {fileID: 22479446, guid: 13155598da289b6468da0742062328f5,
    type: 2}
  m_PrefabInternal: {fileID: 1368200695}
  m_GameObject: {fileID: 322857162}
  m_LocalRotation: {x: 0, y: 0, z: 0, w: 1}
  m_LocalPosition: {x: 0, y: 0, z: 0}
  m_LocalScale: {x: 1, y: 1, z: 1}
  m_Children: []
  m_Father: {fileID: 1037856207}
  m_RootOrder: 2
  m_AnchorMin: {x: 0.5, y: 0.5}
  m_AnchorMax: {x: 0.5, y: 0.5}
  m_AnchoredPosition: {x: 0, y: -29}
  m_SizeDelta: {x: 211.06, y: 67}
  m_Pivot: {x: 0.5, y: 0.5}
--- !u!114 &322857164
MonoBehaviour:
  m_ObjectHideFlags: 0
  m_PrefabParentObject: {fileID: 11479436, guid: 13155598da289b6468da0742062328f5,
    type: 2}
  m_PrefabInternal: {fileID: 1368200695}
  m_GameObject: {fileID: 322857162}
  m_Enabled: 1
  m_EditorHideFlags: 0
  m_Script: {fileID: 708705254, guid: f5f67c52d1564df4a8936ccd202a3bd8, type: 3}
  m_Name: 
  m_EditorClassIdentifier: 
  m_Material: {fileID: 0}
  m_Color: {r: 0.9044118, g: 0.9044118, b: 0.9044118, a: 1}
  m_RaycastTarget: 1
  m_OnCullStateChanged:
    m_PersistentCalls:
      m_Calls: []
    m_TypeName: UnityEngine.UI.MaskableGraphic+CullStateChangedEvent, UnityEngine.UI,
      Version=1.0.0.0, Culture=neutral, PublicKeyToken=null
  m_FontData:
    m_Font: {fileID: 12800000, guid: bd1ea67ca2b5742d1a24fcbdc17c55e1, type: 3}
    m_FontSize: 45
    m_FontStyle: 0
    m_BestFit: 0
    m_MinSize: 10
    m_MaxSize: 45
    m_Alignment: 4
    m_AlignByGeometry: 0
    m_RichText: 1
    m_HorizontalOverflow: 0
    m_VerticalOverflow: 0
    m_LineSpacing: 1
  m_Text: Calories
--- !u!222 &322857165
CanvasRenderer:
  m_ObjectHideFlags: 0
  m_PrefabParentObject: {fileID: 22279448, guid: 13155598da289b6468da0742062328f5,
    type: 2}
  m_PrefabInternal: {fileID: 1368200695}
  m_GameObject: {fileID: 322857162}
--- !u!1 &388078891
GameObject:
  m_ObjectHideFlags: 0
  m_PrefabParentObject: {fileID: 179454, guid: 13155598da289b6468da0742062328f5, type: 2}
  m_PrefabInternal: {fileID: 1368200695}
  serializedVersion: 4
  m_Component:
  - 224: {fileID: 388078892}
  - 222: {fileID: 388078894}
  - 114: {fileID: 388078893}
  m_Layer: 5
  m_Name: Text
  m_TagString: Untagged
  m_Icon: {fileID: 0}
  m_NavMeshLayer: 0
  m_StaticEditorFlags: 0
  m_IsActive: 1
--- !u!224 &388078892
RectTransform:
  m_ObjectHideFlags: 0
  m_PrefabParentObject: {fileID: 22479454, guid: 13155598da289b6468da0742062328f5,
    type: 2}
  m_PrefabInternal: {fileID: 1368200695}
  m_GameObject: {fileID: 388078891}
  m_LocalRotation: {x: 0, y: 0, z: 0, w: 1}
  m_LocalPosition: {x: 0, y: 0, z: 0}
  m_LocalScale: {x: 1, y: 1, z: 1}
  m_Children: []
  m_Father: {fileID: 1037663942}
  m_RootOrder: 1
  m_AnchorMin: {x: 0.5, y: 0.5}
  m_AnchorMax: {x: 0.5, y: 0.5}
  m_AnchoredPosition: {x: 0, y: 44}
  m_SizeDelta: {x: 155.4, y: 122.1}
  m_Pivot: {x: 0.5, y: 0.5}
--- !u!114 &388078893
MonoBehaviour:
  m_ObjectHideFlags: 0
  m_PrefabParentObject: {fileID: 11479446, guid: 13155598da289b6468da0742062328f5,
    type: 2}
  m_PrefabInternal: {fileID: 1368200695}
  m_GameObject: {fileID: 388078891}
  m_Enabled: 1
  m_EditorHideFlags: 0
  m_Script: {fileID: 708705254, guid: f5f67c52d1564df4a8936ccd202a3bd8, type: 3}
  m_Name: 
  m_EditorClassIdentifier: 
  m_Material: {fileID: 0}
  m_Color: {r: 0.99215686, g: 0.4509804, b: 0.44313726, a: 1}
  m_RaycastTarget: 1
  m_OnCullStateChanged:
    m_PersistentCalls:
      m_Calls: []
    m_TypeName: UnityEngine.UI.MaskableGraphic+CullStateChangedEvent, UnityEngine.UI,
      Version=1.0.0.0, Culture=neutral, PublicKeyToken=null
  m_FontData:
    m_Font: {fileID: 12800000, guid: 0302b41c1bd344c75aa27df81f317832, type: 3}
    m_FontSize: 56
    m_FontStyle: 0
    m_BestFit: 0
    m_MinSize: 10
    m_MaxSize: 56
    m_Alignment: 4
    m_AlignByGeometry: 0
    m_RichText: 1
    m_HorizontalOverflow: 0
    m_VerticalOverflow: 0
    m_LineSpacing: 1
  m_Text: 40%
--- !u!222 &388078894
CanvasRenderer:
  m_ObjectHideFlags: 0
  m_PrefabParentObject: {fileID: 22279456, guid: 13155598da289b6468da0742062328f5,
    type: 2}
  m_PrefabInternal: {fileID: 1368200695}
  m_GameObject: {fileID: 388078891}
--- !u!1 &457171011
GameObject:
  m_ObjectHideFlags: 0
  m_PrefabParentObject: {fileID: 179496, guid: 13155598da289b6468da0742062328f5, type: 2}
  m_PrefabInternal: {fileID: 1368200695}
  serializedVersion: 4
  m_Component:
  - 224: {fileID: 457171012}
  - 222: {fileID: 457171014}
  - 114: {fileID: 457171013}
  m_Layer: 5
  m_Name: AppTitle
  m_TagString: Untagged
  m_Icon: {fileID: 0}
  m_NavMeshLayer: 0
  m_StaticEditorFlags: 0
  m_IsActive: 1
--- !u!224 &457171012
RectTransform:
  m_ObjectHideFlags: 0
  m_PrefabParentObject: {fileID: 22479496, guid: 13155598da289b6468da0742062328f5,
    type: 2}
  m_PrefabInternal: {fileID: 1368200695}
  m_GameObject: {fileID: 457171011}
  m_LocalRotation: {x: 0, y: 0, z: 0, w: 1}
  m_LocalPosition: {x: 0, y: 0, z: 0}
  m_LocalScale: {x: 1, y: 1, z: 1}
  m_Children:
  - {fileID: 1229692634}
  m_Father: {fileID: 1562071934}
  m_RootOrder: 0
  m_AnchorMin: {x: 0.5, y: 0.5}
  m_AnchorMax: {x: 0.5, y: 0.5}
  m_AnchoredPosition: {x: -384, y: 1147}
  m_SizeDelta: {x: 768, y: 109}
  m_Pivot: {x: 0.5, y: 0.5}
--- !u!114 &457171013
MonoBehaviour:
  m_ObjectHideFlags: 0
  m_PrefabParentObject: {fileID: 11479494, guid: 13155598da289b6468da0742062328f5,
    type: 2}
  m_PrefabInternal: {fileID: 1368200695}
  m_GameObject: {fileID: 457171011}
  m_Enabled: 1
  m_EditorHideFlags: 0
  m_Script: {fileID: 708705254, guid: f5f67c52d1564df4a8936ccd202a3bd8, type: 3}
  m_Name: 
  m_EditorClassIdentifier: 
  m_Material: {fileID: 0}
  m_Color: {r: 0.85490197, g: 0.85490197, b: 0.85490197, a: 1}
  m_RaycastTarget: 1
  m_OnCullStateChanged:
    m_PersistentCalls:
      m_Calls: []
    m_TypeName: UnityEngine.UI.MaskableGraphic+CullStateChangedEvent, UnityEngine.UI,
      Version=1.0.0.0, Culture=neutral, PublicKeyToken=null
  m_FontData:
    m_Font: {fileID: 12800000, guid: 218956a5c2a6e42d6a60afccf80b002b, type: 3}
    m_FontSize: 102
    m_FontStyle: 0
    m_BestFit: 0
    m_MinSize: 10
    m_MaxSize: 102
    m_Alignment: 0
    m_AlignByGeometry: 0
    m_RichText: 1
    m_HorizontalOverflow: 0
    m_VerticalOverflow: 1
    m_LineSpacing: 1
  m_Text: CHARTS
--- !u!222 &457171014
CanvasRenderer:
  m_ObjectHideFlags: 0
  m_PrefabParentObject: {fileID: 22279496, guid: 13155598da289b6468da0742062328f5,
    type: 2}
  m_PrefabInternal: {fileID: 1368200695}
  m_GameObject: {fileID: 457171011}
--- !u!1 &492085415
GameObject:
  m_ObjectHideFlags: 0
  m_PrefabParentObject: {fileID: 179448, guid: 13155598da289b6468da0742062328f5, type: 2}
  m_PrefabInternal: {fileID: 1368200695}
  serializedVersion: 4
  m_Component:
  - 224: {fileID: 492085416}
  - 222: {fileID: 492085418}
  - 114: {fileID: 492085417}
  m_Layer: 5
  m_Name: FillingObject
  m_TagString: Untagged
  m_Icon: {fileID: 0}
  m_NavMeshLayer: 0
  m_StaticEditorFlags: 0
  m_IsActive: 1
--- !u!224 &492085416
RectTransform:
  m_ObjectHideFlags: 0
  m_PrefabParentObject: {fileID: 22479448, guid: 13155598da289b6468da0742062328f5,
    type: 2}
  m_PrefabInternal: {fileID: 1368200695}
  m_GameObject: {fileID: 492085415}
  m_LocalRotation: {x: 0, y: 0, z: 0, w: 1}
  m_LocalPosition: {x: 0, y: 0, z: 0}
  m_LocalScale: {x: 1, y: 1, z: 1}
  m_Children: []
  m_Father: {fileID: 1037856207}
  m_RootOrder: 0
  m_AnchorMin: {x: 0.5, y: 0.5}
  m_AnchorMax: {x: 0.5, y: 0.5}
  m_AnchoredPosition: {x: 0, y: 0}
  m_SizeDelta: {x: 525, y: 525}
  m_Pivot: {x: 0.5, y: 0.5}
--- !u!114 &492085417
MonoBehaviour:
  m_ObjectHideFlags: 0
  m_PrefabParentObject: {fileID: 11479438, guid: 13155598da289b6468da0742062328f5,
    type: 2}
  m_PrefabInternal: {fileID: 1368200695}
  m_GameObject: {fileID: 492085415}
  m_Enabled: 1
  m_EditorHideFlags: 0
  m_Script: {fileID: -765806418, guid: f5f67c52d1564df4a8936ccd202a3bd8, type: 3}
  m_Name: 
  m_EditorClassIdentifier: 
  m_Material: {fileID: 0}
  m_Color: {r: 0.99215686, g: 0.4509804, b: 0.44313726, a: 1}
  m_RaycastTarget: 1
  m_OnCullStateChanged:
    m_PersistentCalls:
      m_Calls: []
    m_TypeName: UnityEngine.UI.MaskableGraphic+CullStateChangedEvent, UnityEngine.UI,
      Version=1.0.0.0, Culture=neutral, PublicKeyToken=null
  m_Sprite: {fileID: 21300000, guid: c6157dc9c292b704b93e50622ca4095f, type: 3}
  m_Type: 3
  m_PreserveAspect: 0
  m_FillCenter: 1
  m_FillMethod: 4
  m_FillAmount: 0.814
  m_FillClockwise: 1
  m_FillOrigin: 2
--- !u!222 &492085418
CanvasRenderer:
  m_ObjectHideFlags: 0
  m_PrefabParentObject: {fileID: 22279450, guid: 13155598da289b6468da0742062328f5,
    type: 2}
  m_PrefabInternal: {fileID: 1368200695}
  m_GameObject: {fileID: 492085415}
--- !u!1 &493504796
GameObject:
  m_ObjectHideFlags: 0
  m_PrefabParentObject: {fileID: 179444, guid: 13155598da289b6468da0742062328f5, type: 2}
  m_PrefabInternal: {fileID: 1368200695}
  serializedVersion: 4
  m_Component:
  - 224: {fileID: 493504797}
  - 222: {fileID: 493504799}
  - 114: {fileID: 493504798}
  m_Layer: 5
  m_Name: Text
  m_TagString: Untagged
  m_Icon: {fileID: 0}
  m_NavMeshLayer: 0
  m_StaticEditorFlags: 0
  m_IsActive: 1
--- !u!224 &493504797
RectTransform:
  m_ObjectHideFlags: 0
  m_PrefabParentObject: {fileID: 22479444, guid: 13155598da289b6468da0742062328f5,
    type: 2}
  m_PrefabInternal: {fileID: 1368200695}
  m_GameObject: {fileID: 493504796}
  m_LocalRotation: {x: 0, y: 0, z: -1, w: -0.00000004371139}
  m_LocalPosition: {x: 0, y: 0, z: 0}
  m_LocalScale: {x: 1.25, y: 1.25, z: 1}
  m_Children: []
  m_Father: {fileID: 104421216}
  m_RootOrder: 0
  m_AnchorMin: {x: 0.5, y: 0.5}
  m_AnchorMax: {x: 0.5, y: 0.5}
  m_AnchoredPosition: {x: 19.6, y: -1.2}
  m_SizeDelta: {x: 225, y: 95}
  m_Pivot: {x: 0.5, y: 0.5}
--- !u!114 &493504798
MonoBehaviour:
  m_ObjectHideFlags: 0
  m_PrefabParentObject: {fileID: 11479434, guid: 13155598da289b6468da0742062328f5,
    type: 2}
  m_PrefabInternal: {fileID: 1368200695}
  m_GameObject: {fileID: 493504796}
  m_Enabled: 1
  m_EditorHideFlags: 0
  m_Script: {fileID: 708705254, guid: f5f67c52d1564df4a8936ccd202a3bd8, type: 3}
  m_Name: 
  m_EditorClassIdentifier: 
  m_Material: {fileID: 0}
  m_Color: {r: 1, g: 1, b: 1, a: 1}
  m_RaycastTarget: 1
  m_OnCullStateChanged:
    m_PersistentCalls:
      m_Calls: []
    m_TypeName: UnityEngine.UI.MaskableGraphic+CullStateChangedEvent, UnityEngine.UI,
      Version=1.0.0.0, Culture=neutral, PublicKeyToken=null
  m_FontData:
    m_Font: {fileID: 12800000, guid: 218956a5c2a6e42d6a60afccf80b002b, type: 3}
    m_FontSize: 40
    m_FontStyle: 0
    m_BestFit: 0
    m_MinSize: 10
    m_MaxSize: 40
    m_Alignment: 4
    m_AlignByGeometry: 0
    m_RichText: 1
    m_HorizontalOverflow: 0
    m_VerticalOverflow: 0
    m_LineSpacing: 1
  m_Text: Charts
--- !u!222 &493504799
CanvasRenderer:
  m_ObjectHideFlags: 0
  m_PrefabParentObject: {fileID: 22279446, guid: 13155598da289b6468da0742062328f5,
    type: 2}
  m_PrefabInternal: {fileID: 1368200695}
  m_GameObject: {fileID: 493504796}
--- !u!1 &562732075
GameObject:
  m_ObjectHideFlags: 0
  m_PrefabParentObject: {fileID: 179482, guid: 13155598da289b6468da0742062328f5, type: 2}
  m_PrefabInternal: {fileID: 1368200695}
  serializedVersion: 4
  m_Component:
  - 224: {fileID: 562732076}
  - 222: {fileID: 562732078}
  - 114: {fileID: 562732077}
  m_Layer: 5
  m_Name: Text
  m_TagString: Untagged
  m_Icon: {fileID: 0}
  m_NavMeshLayer: 0
  m_StaticEditorFlags: 0
  m_IsActive: 1
--- !u!224 &562732076
RectTransform:
  m_ObjectHideFlags: 0
  m_PrefabParentObject: {fileID: 22479482, guid: 13155598da289b6468da0742062328f5,
    type: 2}
  m_PrefabInternal: {fileID: 1368200695}
  m_GameObject: {fileID: 562732075}
  m_LocalRotation: {x: 0, y: 0, z: 0, w: 1}
  m_LocalPosition: {x: 0, y: 0, z: 0}
  m_LocalScale: {x: 1, y: 1, z: 1}
  m_Children: []
  m_Father: {fileID: 261410557}
  m_RootOrder: 1
  m_AnchorMin: {x: 0.5, y: 0.5}
  m_AnchorMax: {x: 0.5, y: 0.5}
  m_AnchoredPosition: {x: 0, y: -39}
  m_SizeDelta: {x: 211.06, y: 67}
  m_Pivot: {x: 0.5, y: 0.5}
--- !u!114 &562732077
MonoBehaviour:
  m_ObjectHideFlags: 0
  m_PrefabParentObject: {fileID: 11479476, guid: 13155598da289b6468da0742062328f5,
    type: 2}
  m_PrefabInternal: {fileID: 1368200695}
  m_GameObject: {fileID: 562732075}
  m_Enabled: 1
  m_EditorHideFlags: 0
  m_Script: {fileID: 708705254, guid: f5f67c52d1564df4a8936ccd202a3bd8, type: 3}
  m_Name: 
  m_EditorClassIdentifier: 
  m_Material: {fileID: 0}
  m_Color: {r: 0.9044118, g: 0.9044118, b: 0.9044118, a: 1}
  m_RaycastTarget: 1
  m_OnCullStateChanged:
    m_PersistentCalls:
      m_Calls: []
    m_TypeName: UnityEngine.UI.MaskableGraphic+CullStateChangedEvent, UnityEngine.UI,
      Version=1.0.0.0, Culture=neutral, PublicKeyToken=null
  m_FontData:
    m_Font: {fileID: 12800000, guid: bd1ea67ca2b5742d1a24fcbdc17c55e1, type: 3}
    m_FontSize: 45
    m_FontStyle: 0
    m_BestFit: 0
    m_MinSize: 10
    m_MaxSize: 45
    m_Alignment: 4
    m_AlignByGeometry: 0
    m_RichText: 1
    m_HorizontalOverflow: 0
    m_VerticalOverflow: 0
    m_LineSpacing: 1
  m_Text: Music
--- !u!222 &562732078
CanvasRenderer:
  m_ObjectHideFlags: 0
  m_PrefabParentObject: {fileID: 22279484, guid: 13155598da289b6468da0742062328f5,
    type: 2}
  m_PrefabInternal: {fileID: 1368200695}
  m_GameObject: {fileID: 562732075}
--- !u!1 &893596132
GameObject:
  m_ObjectHideFlags: 0
  m_PrefabParentObject: {fileID: 179486, guid: 13155598da289b6468da0742062328f5, type: 2}
  m_PrefabInternal: {fileID: 1368200695}
  serializedVersion: 4
  m_Component:
  - 224: {fileID: 893596133}
  - 222: {fileID: 893596135}
  - 114: {fileID: 893596134}
  m_Layer: 5
  m_Name: Text
  m_TagString: Untagged
  m_Icon: {fileID: 0}
  m_NavMeshLayer: 0
  m_StaticEditorFlags: 0
  m_IsActive: 1
--- !u!224 &893596133
RectTransform:
  m_ObjectHideFlags: 0
  m_PrefabParentObject: {fileID: 22479486, guid: 13155598da289b6468da0742062328f5,
    type: 2}
  m_PrefabInternal: {fileID: 1368200695}
  m_GameObject: {fileID: 893596132}
  m_LocalRotation: {x: 0, y: 0, z: 0, w: 1}
  m_LocalPosition: {x: 0, y: 0, z: 0}
  m_LocalScale: {x: 1, y: 1, z: 1}
  m_Children: []
  m_Father: {fileID: 1037856207}
  m_RootOrder: 1
  m_AnchorMin: {x: 0.5, y: 0.5}
  m_AnchorMax: {x: 0.5, y: 0.5}
  m_AnchoredPosition: {x: 0, y: 34}
  m_SizeDelta: {x: 155.4, y: 122.1}
  m_Pivot: {x: 0.5, y: 0.5}
--- !u!114 &893596134
MonoBehaviour:
  m_ObjectHideFlags: 0
  m_PrefabParentObject: {fileID: 11479482, guid: 13155598da289b6468da0742062328f5,
    type: 2}
  m_PrefabInternal: {fileID: 1368200695}
  m_GameObject: {fileID: 893596132}
  m_Enabled: 1
  m_EditorHideFlags: 0
  m_Script: {fileID: 708705254, guid: f5f67c52d1564df4a8936ccd202a3bd8, type: 3}
  m_Name: 
  m_EditorClassIdentifier: 
  m_Material: {fileID: 0}
  m_Color: {r: 0.99215686, g: 0.4509804, b: 0.44313726, a: 1}
  m_RaycastTarget: 1
  m_OnCullStateChanged:
    m_PersistentCalls:
      m_Calls: []
    m_TypeName: UnityEngine.UI.MaskableGraphic+CullStateChangedEvent, UnityEngine.UI,
      Version=1.0.0.0, Culture=neutral, PublicKeyToken=null
  m_FontData:
    m_Font: {fileID: 12800000, guid: bd1ea67ca2b5742d1a24fcbdc17c55e1, type: 3}
    m_FontSize: 71
    m_FontStyle: 0
    m_BestFit: 0
    m_MinSize: 10
    m_MaxSize: 71
    m_Alignment: 4
    m_AlignByGeometry: 0
    m_RichText: 1
    m_HorizontalOverflow: 0
    m_VerticalOverflow: 0
    m_LineSpacing: 1
  m_Text: 800
--- !u!222 &893596135
CanvasRenderer:
  m_ObjectHideFlags: 0
  m_PrefabParentObject: {fileID: 22279486, guid: 13155598da289b6468da0742062328f5,
    type: 2}
  m_PrefabInternal: {fileID: 1368200695}
  m_GameObject: {fileID: 893596132}
--- !u!1 &942494066
GameObject:
  m_ObjectHideFlags: 0
  m_PrefabParentObject: {fileID: 179494, guid: 13155598da289b6468da0742062328f5, type: 2}
  m_PrefabInternal: {fileID: 1368200695}
  serializedVersion: 4
  m_Component:
  - 224: {fileID: 942494067}
  - 222: {fileID: 942494070}
  - 114: {fileID: 942494069}
  - 114: {fileID: 942494068}
  m_Layer: 5
  m_Name: Button
  m_TagString: Untagged
  m_Icon: {fileID: 0}
  m_NavMeshLayer: 0
  m_StaticEditorFlags: 0
  m_IsActive: 1
--- !u!224 &942494067
RectTransform:
  m_ObjectHideFlags: 0
  m_PrefabParentObject: {fileID: 22479494, guid: 13155598da289b6468da0742062328f5,
    type: 2}
  m_PrefabInternal: {fileID: 1368200695}
  m_GameObject: {fileID: 942494066}
  m_LocalRotation: {x: 0, y: 0, z: 0, w: 1}
  m_LocalPosition: {x: 0, y: 0, z: 0}
  m_LocalScale: {x: 1, y: 1, z: 1}
  m_Children: []
  m_Father: {fileID: 945538242}
  m_RootOrder: 1
  m_AnchorMin: {x: 0.5, y: 0.5}
  m_AnchorMax: {x: 0.5, y: 0.5}
  m_AnchoredPosition: {x: -644, y: 917}
  m_SizeDelta: {x: 94, y: 24}
  m_Pivot: {x: 0.5, y: 0.5}
--- !u!114 &942494068
MonoBehaviour:
  m_ObjectHideFlags: 0
  m_PrefabParentObject: {fileID: 11479492, guid: 13155598da289b6468da0742062328f5,
    type: 2}
  m_PrefabInternal: {fileID: 1368200695}
  m_GameObject: {fileID: 942494066}
  m_Enabled: 1
  m_EditorHideFlags: 0
  m_Script: {fileID: 1392445389, guid: f5f67c52d1564df4a8936ccd202a3bd8, type: 3}
  m_Name: 
  m_EditorClassIdentifier: 
  m_Navigation:
    m_Mode: 3
    m_SelectOnUp: {fileID: 0}
    m_SelectOnDown: {fileID: 0}
    m_SelectOnLeft: {fileID: 0}
    m_SelectOnRight: {fileID: 0}
  m_Transition: 1
  m_Colors:
    m_NormalColor: {r: 1, g: 1, b: 1, a: 1}
    m_HighlightedColor: {r: 0.9607843, g: 0.9607843, b: 0.9607843, a: 1}
    m_PressedColor: {r: 0.78431374, g: 0.78431374, b: 0.78431374, a: 1}
    m_DisabledColor: {r: 0.78431374, g: 0.78431374, b: 0.78431374, a: 0.5019608}
    m_ColorMultiplier: 1
    m_FadeDuration: 0.1
  m_SpriteState:
    m_HighlightedSprite: {fileID: 0}
    m_PressedSprite: {fileID: 0}
    m_DisabledSprite: {fileID: 0}
  m_AnimationTriggers:
    m_NormalTrigger: Normal
    m_HighlightedTrigger: Highlighted
    m_PressedTrigger: Pressed
    m_DisabledTrigger: Disabled
  m_Interactable: 1
  m_TargetGraphic: {fileID: 942494069}
  m_OnClick:
    m_PersistentCalls:
      m_Calls: []
    m_TypeName: UnityEngine.UI.Button+ButtonClickedEvent, UnityEngine.UI, Version=1.0.0.0,
      Culture=neutral, PublicKeyToken=null
--- !u!114 &942494069
MonoBehaviour:
  m_ObjectHideFlags: 0
  m_PrefabParentObject: {fileID: 11479490, guid: 13155598da289b6468da0742062328f5,
    type: 2}
  m_PrefabInternal: {fileID: 1368200695}
  m_GameObject: {fileID: 942494066}
  m_Enabled: 1
  m_EditorHideFlags: 0
  m_Script: {fileID: -765806418, guid: f5f67c52d1564df4a8936ccd202a3bd8, type: 3}
  m_Name: 
  m_EditorClassIdentifier: 
  m_Material: {fileID: 0}
  m_Color: {r: 1, g: 1, b: 1, a: 1}
  m_RaycastTarget: 1
  m_OnCullStateChanged:
    m_PersistentCalls:
      m_Calls: []
    m_TypeName: UnityEngine.UI.MaskableGraphic+CullStateChangedEvent, UnityEngine.UI,
      Version=1.0.0.0, Culture=neutral, PublicKeyToken=null
  m_Sprite: {fileID: 21300000, guid: c115c1e6147bc1442a3f57e1c0d1406e, type: 3}
  m_Type: 0
  m_PreserveAspect: 0
  m_FillCenter: 1
  m_FillMethod: 4
  m_FillAmount: 1
  m_FillClockwise: 1
  m_FillOrigin: 0
--- !u!222 &942494070
CanvasRenderer:
  m_ObjectHideFlags: 0
  m_PrefabParentObject: {fileID: 22279494, guid: 13155598da289b6468da0742062328f5,
    type: 2}
  m_PrefabInternal: {fileID: 1368200695}
  m_GameObject: {fileID: 942494066}
--- !u!1 &945538241
GameObject:
  m_ObjectHideFlags: 0
  m_PrefabParentObject: {fileID: 179450, guid: 13155598da289b6468da0742062328f5, type: 2}
  m_PrefabInternal: {fileID: 1368200695}
  serializedVersion: 4
  m_Component:
  - 224: {fileID: 945538242}
  - 222: {fileID: 945538245}
  - 114: {fileID: 945538244}
  - 114: {fileID: 945538243}
  m_Layer: 5
  m_Name: Panel
  m_TagString: Untagged
  m_Icon: {fileID: 0}
  m_NavMeshLayer: 0
  m_StaticEditorFlags: 0
  m_IsActive: 1
--- !u!224 &945538242
RectTransform:
  m_ObjectHideFlags: 0
  m_PrefabParentObject: {fileID: 22479450, guid: 13155598da289b6468da0742062328f5,
    type: 2}
  m_PrefabInternal: {fileID: 1368200695}
  m_GameObject: {fileID: 945538241}
  m_LocalRotation: {x: 0, y: 0, z: 0, w: 1}
  m_LocalPosition: {x: 0, y: 0, z: 0}
  m_LocalScale: {x: 1, y: 1, z: 1}
  m_Children:
  - {fileID: 1952606856}
  - {fileID: 942494067}
  - {fileID: 2009125952}
  - {fileID: 26848672}
  - {fileID: 104421216}
  - {fileID: 1037663942}
  - {fileID: 1037856207}
  - {fileID: 1170059332}
  - {fileID: 261410557}
  m_Father: {fileID: 1562071934}
  m_RootOrder: 1
  m_AnchorMin: {x: 0.5, y: 0.5}
  m_AnchorMax: {x: 0.5, y: 0.5}
  m_AnchoredPosition: {x: 0, y: 0}
  m_SizeDelta: {x: 1536, y: 2048}
  m_Pivot: {x: 0.5, y: 0.5}
--- !u!114 &945538243
MonoBehaviour:
  m_ObjectHideFlags: 0
  m_PrefabParentObject: {fileID: 11479442, guid: 13155598da289b6468da0742062328f5,
    type: 2}
  m_PrefabInternal: {fileID: 1368200695}
  m_GameObject: {fileID: 945538241}
  m_Enabled: 1
  m_EditorHideFlags: 0
  m_Script: {fileID: -1200242548, guid: f5f67c52d1564df4a8936ccd202a3bd8, type: 3}
  m_Name: 
  m_EditorClassIdentifier: 
  m_ShowMaskGraphic: 1
--- !u!114 &945538244
MonoBehaviour:
  m_ObjectHideFlags: 0
  m_PrefabParentObject: {fileID: 11479440, guid: 13155598da289b6468da0742062328f5,
    type: 2}
  m_PrefabInternal: {fileID: 1368200695}
  m_GameObject: {fileID: 945538241}
  m_Enabled: 1
  m_EditorHideFlags: 0
  m_Script: {fileID: -765806418, guid: f5f67c52d1564df4a8936ccd202a3bd8, type: 3}
  m_Name: 
  m_EditorClassIdentifier: 
  m_Material: {fileID: 0}
  m_Color: {r: 0.19215687, g: 0.2, b: 0.21176471, a: 1}
  m_RaycastTarget: 1
  m_OnCullStateChanged:
    m_PersistentCalls:
      m_Calls: []
    m_TypeName: UnityEngine.UI.MaskableGraphic+CullStateChangedEvent, UnityEngine.UI,
      Version=1.0.0.0, Culture=neutral, PublicKeyToken=null
  m_Sprite: {fileID: 21300000, guid: 7ed1238760b863f4aafde32ab3a6f28c, type: 3}
  m_Type: 1
  m_PreserveAspect: 0
  m_FillCenter: 1
  m_FillMethod: 4
  m_FillAmount: 1
  m_FillClockwise: 1
  m_FillOrigin: 0
--- !u!222 &945538245
CanvasRenderer:
  m_ObjectHideFlags: 0
  m_PrefabParentObject: {fileID: 22279452, guid: 13155598da289b6468da0742062328f5,
    type: 2}
  m_PrefabInternal: {fileID: 1368200695}
  m_GameObject: {fileID: 945538241}
--- !u!1 &1033062636
GameObject:
  m_ObjectHideFlags: 0
  m_PrefabParentObject: {fileID: 0}
  m_PrefabInternal: {fileID: 0}
  serializedVersion: 4
  m_Component:
  - 4: {fileID: 1033062637}
  m_Layer: 0
  m_Name: __REAL_PIXELS_1536x2048
  m_TagString: Untagged
  m_Icon: {fileID: 0}
  m_NavMeshLayer: 0
  m_StaticEditorFlags: 0
  m_IsActive: 1
--- !u!4 &1033062637
Transform:
  m_ObjectHideFlags: 0
  m_PrefabParentObject: {fileID: 0}
  m_PrefabInternal: {fileID: 0}
  m_GameObject: {fileID: 1033062636}
  m_LocalRotation: {x: 0, y: 0, z: 0, w: 1}
  m_LocalPosition: {x: 494.995, y: 627.74, z: 0}
  m_LocalScale: {x: 1, y: 1, z: 1}
  m_Children: []
  m_Father: {fileID: 0}
  m_RootOrder: 3
--- !u!1 &1037663941
GameObject:
  m_ObjectHideFlags: 0
  m_PrefabParentObject: {fileID: 179458, guid: 13155598da289b6468da0742062328f5, type: 2}
  m_PrefabInternal: {fileID: 1368200695}
  serializedVersion: 4
  m_Component:
  - 224: {fileID: 1037663942}
  - 222: {fileID: 1037663944}
  - 114: {fileID: 1037663943}
  m_Layer: 5
  m_Name: FillingObject
  m_TagString: Untagged
  m_Icon: {fileID: 0}
  m_NavMeshLayer: 0
  m_StaticEditorFlags: 0
  m_IsActive: 1
--- !u!224 &1037663942
RectTransform:
  m_ObjectHideFlags: 0
  m_PrefabParentObject: {fileID: 22479458, guid: 13155598da289b6468da0742062328f5,
    type: 2}
  m_PrefabInternal: {fileID: 1368200695}
  m_GameObject: {fileID: 1037663941}
  m_LocalRotation: {x: 0, y: 0, z: 0, w: 1}
  m_LocalPosition: {x: 0, y: 0, z: 0}
  m_LocalScale: {x: 1, y: 1, z: 1}
  m_Children:
  - {fileID: 1808633179}
  - {fileID: 388078892}
  - {fileID: 1229798354}
  - {fileID: 1906633947}
  - {fileID: 1564748424}
  m_Father: {fileID: 945538242}
  m_RootOrder: 5
  m_AnchorMin: {x: 0.5, y: 0.5}
  m_AnchorMax: {x: 0.5, y: 0.5}
  m_AnchoredPosition: {x: -310, y: 276}
  m_SizeDelta: {x: 472, y: 472}
  m_Pivot: {x: 0.5, y: 0.5}
--- !u!114 &1037663943
MonoBehaviour:
  m_ObjectHideFlags: 0
  m_PrefabParentObject: {fileID: 11479450, guid: 13155598da289b6468da0742062328f5,
    type: 2}
  m_PrefabInternal: {fileID: 1368200695}
  m_GameObject: {fileID: 1037663941}
  m_Enabled: 1
  m_EditorHideFlags: 0
  m_Script: {fileID: -765806418, guid: f5f67c52d1564df4a8936ccd202a3bd8, type: 3}
  m_Name: 
  m_EditorClassIdentifier: 
  m_Material: {fileID: 0}
  m_Color: {r: 0.13854672, g: 0.14440073, b: 0.15294118, a: 1}
  m_RaycastTarget: 1
  m_OnCullStateChanged:
    m_PersistentCalls:
      m_Calls: []
    m_TypeName: UnityEngine.UI.MaskableGraphic+CullStateChangedEvent, UnityEngine.UI,
      Version=1.0.0.0, Culture=neutral, PublicKeyToken=null
  m_Sprite: {fileID: 21300000, guid: 0796c5d7e7e637d40a42ad4deab007c5, type: 3}
  m_Type: 3
  m_PreserveAspect: 0
  m_FillCenter: 1
  m_FillMethod: 4
  m_FillAmount: 1
  m_FillClockwise: 1
  m_FillOrigin: 2
--- !u!222 &1037663944
CanvasRenderer:
  m_ObjectHideFlags: 0
  m_PrefabParentObject: {fileID: 22279460, guid: 13155598da289b6468da0742062328f5,
    type: 2}
  m_PrefabInternal: {fileID: 1368200695}
  m_GameObject: {fileID: 1037663941}
--- !u!1 &1037856206
GameObject:
  m_ObjectHideFlags: 0
  m_PrefabParentObject: {fileID: 179502, guid: 13155598da289b6468da0742062328f5, type: 2}
  m_PrefabInternal: {fileID: 1368200695}
  serializedVersion: 4
  m_Component:
  - 224: {fileID: 1037856207}
  - 222: {fileID: 1037856209}
  - 114: {fileID: 1037856208}
  m_Layer: 5
  m_Name: FillingObject
  m_TagString: Untagged
  m_Icon: {fileID: 0}
  m_NavMeshLayer: 0
  m_StaticEditorFlags: 0
  m_IsActive: 1
--- !u!224 &1037856207
RectTransform:
  m_ObjectHideFlags: 0
  m_PrefabParentObject: {fileID: 22479502, guid: 13155598da289b6468da0742062328f5,
    type: 2}
  m_PrefabInternal: {fileID: 1368200695}
  m_GameObject: {fileID: 1037856206}
  m_LocalRotation: {x: 0, y: 0, z: 0, w: 1}
  m_LocalPosition: {x: 0, y: 0, z: 0}
  m_LocalScale: {x: 1, y: 1, z: 1}
  m_Children:
  - {fileID: 492085416}
  - {fileID: 893596133}
  - {fileID: 322857163}
  - {fileID: 1256017574}
  m_Father: {fileID: 945538242}
  m_RootOrder: 6
  m_AnchorMin: {x: 0.5, y: 0.5}
  m_AnchorMax: {x: 0.5, y: 0.5}
  m_AnchoredPosition: {x: 344, y: 276}
  m_SizeDelta: {x: 472, y: 472}
  m_Pivot: {x: 0.5, y: 0.5}
--- !u!114 &1037856208
MonoBehaviour:
  m_ObjectHideFlags: 0
  m_PrefabParentObject: {fileID: 11479502, guid: 13155598da289b6468da0742062328f5,
    type: 2}
  m_PrefabInternal: {fileID: 1368200695}
  m_GameObject: {fileID: 1037856206}
  m_Enabled: 1
  m_EditorHideFlags: 0
  m_Script: {fileID: -765806418, guid: f5f67c52d1564df4a8936ccd202a3bd8, type: 3}
  m_Name: 
  m_EditorClassIdentifier: 
  m_Material: {fileID: 0}
  m_Color: {r: 0.13854672, g: 0.14440073, b: 0.15294118, a: 1}
  m_RaycastTarget: 1
  m_OnCullStateChanged:
    m_PersistentCalls:
      m_Calls: []
    m_TypeName: UnityEngine.UI.MaskableGraphic+CullStateChangedEvent, UnityEngine.UI,
      Version=1.0.0.0, Culture=neutral, PublicKeyToken=null
  m_Sprite: {fileID: 21300000, guid: 0796c5d7e7e637d40a42ad4deab007c5, type: 3}
  m_Type: 3
  m_PreserveAspect: 0
  m_FillCenter: 1
  m_FillMethod: 4
  m_FillAmount: 1
  m_FillClockwise: 1
  m_FillOrigin: 2
--- !u!222 &1037856209
CanvasRenderer:
  m_ObjectHideFlags: 0
  m_PrefabParentObject: {fileID: 22279502, guid: 13155598da289b6468da0742062328f5,
    type: 2}
  m_PrefabInternal: {fileID: 1368200695}
  m_GameObject: {fileID: 1037856206}
--- !u!1 &1163103537
GameObject:
  m_ObjectHideFlags: 0
  m_PrefabParentObject: {fileID: 179504, guid: 13155598da289b6468da0742062328f5, type: 2}
  m_PrefabInternal: {fileID: 1368200695}
  serializedVersion: 4
  m_Component:
  - 224: {fileID: 1163103538}
  - 222: {fileID: 1163103540}
  - 114: {fileID: 1163103539}
  m_Layer: 5
  m_Name: Image
  m_TagString: Untagged
  m_Icon: {fileID: 0}
  m_NavMeshLayer: 0
  m_StaticEditorFlags: 0
  m_IsActive: 1
--- !u!224 &1163103538
RectTransform:
  m_ObjectHideFlags: 0
  m_PrefabParentObject: {fileID: 22479504, guid: 13155598da289b6468da0742062328f5,
    type: 2}
  m_PrefabInternal: {fileID: 1368200695}
  m_GameObject: {fileID: 1163103537}
  m_LocalRotation: {x: 0, y: 0, z: 0, w: 1}
  m_LocalPosition: {x: 0, y: 0, z: 0}
  m_LocalScale: {x: 1, y: 1, z: 1}
  m_Children: []
  m_Father: {fileID: 1813596234}
  m_RootOrder: 0
  m_AnchorMin: {x: 0.5, y: 0.5}
  m_AnchorMax: {x: 0.5, y: 0.5}
  m_AnchoredPosition: {x: 0, y: 34}
  m_SizeDelta: {x: 94, y: 74}
  m_Pivot: {x: 0.5, y: 0.5}
--- !u!114 &1163103539
MonoBehaviour:
  m_ObjectHideFlags: 0
  m_PrefabParentObject: {fileID: 11479504, guid: 13155598da289b6468da0742062328f5,
    type: 2}
  m_PrefabInternal: {fileID: 1368200695}
  m_GameObject: {fileID: 1163103537}
  m_Enabled: 1
  m_EditorHideFlags: 0
  m_Script: {fileID: -765806418, guid: f5f67c52d1564df4a8936ccd202a3bd8, type: 3}
  m_Name: 
  m_EditorClassIdentifier: 
  m_Material: {fileID: 0}
  m_Color: {r: 0.99215686, g: 0.4509804, b: 0.44313726, a: 1}
  m_RaycastTarget: 1
  m_OnCullStateChanged:
    m_PersistentCalls:
      m_Calls: []
    m_TypeName: UnityEngine.UI.MaskableGraphic+CullStateChangedEvent, UnityEngine.UI,
      Version=1.0.0.0, Culture=neutral, PublicKeyToken=null
  m_Sprite: {fileID: 21300000, guid: d9b97df5447d313448a38c93b42ac7a9, type: 3}
  m_Type: 0
  m_PreserveAspect: 0
  m_FillCenter: 1
  m_FillMethod: 4
  m_FillAmount: 1
  m_FillClockwise: 1
  m_FillOrigin: 0
--- !u!222 &1163103540
CanvasRenderer:
  m_ObjectHideFlags: 0
  m_PrefabParentObject: {fileID: 22279504, guid: 13155598da289b6468da0742062328f5,
    type: 2}
  m_PrefabInternal: {fileID: 1368200695}
  m_GameObject: {fileID: 1163103537}
--- !u!1 &1170059331
GameObject:
  m_ObjectHideFlags: 0
  m_PrefabParentObject: {fileID: 179472, guid: 13155598da289b6468da0742062328f5, type: 2}
  m_PrefabInternal: {fileID: 1368200695}
  serializedVersion: 4
  m_Component:
  - 224: {fileID: 1170059332}
  - 222: {fileID: 1170059334}
  - 114: {fileID: 1170059333}
  m_Layer: 5
  m_Name: FillingObject
  m_TagString: Untagged
  m_Icon: {fileID: 0}
  m_NavMeshLayer: 0
  m_StaticEditorFlags: 0
  m_IsActive: 1
--- !u!224 &1170059332
RectTransform:
  m_ObjectHideFlags: 0
  m_PrefabParentObject: {fileID: 22479472, guid: 13155598da289b6468da0742062328f5,
    type: 2}
  m_PrefabInternal: {fileID: 1368200695}
  m_GameObject: {fileID: 1170059331}
  m_LocalRotation: {x: 0, y: 0, z: 0, w: 1}
  m_LocalPosition: {x: 0, y: 0, z: 0}
  m_LocalScale: {x: 1, y: 1, z: 1}
  m_Children:
  - {fileID: 1813596234}
  - {fileID: 86067673}
  - {fileID: 2055889122}
  m_Father: {fileID: 945538242}
  m_RootOrder: 7
  m_AnchorMin: {x: 0.5, y: 0.5}
  m_AnchorMax: {x: 0.5, y: 0.5}
  m_AnchoredPosition: {x: -339, y: -505}
  m_SizeDelta: {x: 472, y: 472}
  m_Pivot: {x: 0.5, y: 0.5}
--- !u!114 &1170059333
MonoBehaviour:
  m_ObjectHideFlags: 0
  m_PrefabParentObject: {fileID: 11479464, guid: 13155598da289b6468da0742062328f5,
    type: 2}
  m_PrefabInternal: {fileID: 1368200695}
  m_GameObject: {fileID: 1170059331}
  m_Enabled: 1
  m_EditorHideFlags: 0
  m_Script: {fileID: -765806418, guid: f5f67c52d1564df4a8936ccd202a3bd8, type: 3}
  m_Name: 
  m_EditorClassIdentifier: 
  m_Material: {fileID: 0}
  m_Color: {r: 0.13854672, g: 0.14440073, b: 0.15294118, a: 1}
  m_RaycastTarget: 1
  m_OnCullStateChanged:
    m_PersistentCalls:
      m_Calls: []
    m_TypeName: UnityEngine.UI.MaskableGraphic+CullStateChangedEvent, UnityEngine.UI,
      Version=1.0.0.0, Culture=neutral, PublicKeyToken=null
  m_Sprite: {fileID: 21300000, guid: 0796c5d7e7e637d40a42ad4deab007c5, type: 3}
  m_Type: 3
  m_PreserveAspect: 0
  m_FillCenter: 1
  m_FillMethod: 4
  m_FillAmount: 1
  m_FillClockwise: 1
  m_FillOrigin: 2
--- !u!222 &1170059334
CanvasRenderer:
  m_ObjectHideFlags: 0
  m_PrefabParentObject: {fileID: 22279474, guid: 13155598da289b6468da0742062328f5,
    type: 2}
  m_PrefabInternal: {fileID: 1368200695}
  m_GameObject: {fileID: 1170059331}
--- !u!1 &1229692633
GameObject:
  m_ObjectHideFlags: 0
  m_PrefabParentObject: {fileID: 179478, guid: 13155598da289b6468da0742062328f5, type: 2}
  m_PrefabInternal: {fileID: 1368200695}
  serializedVersion: 4
  m_Component:
  - 224: {fileID: 1229692634}
  - 222: {fileID: 1229692636}
  - 114: {fileID: 1229692635}
  m_Layer: 5
  m_Name: AppTitle
  m_TagString: Untagged
  m_Icon: {fileID: 0}
  m_NavMeshLayer: 0
  m_StaticEditorFlags: 0
  m_IsActive: 1
--- !u!224 &1229692634
RectTransform:
  m_ObjectHideFlags: 0
  m_PrefabParentObject: {fileID: 22479478, guid: 13155598da289b6468da0742062328f5,
    type: 2}
  m_PrefabInternal: {fileID: 1368200695}
  m_GameObject: {fileID: 1229692633}
  m_LocalRotation: {x: 0, y: 0, z: 0, w: 1}
  m_LocalPosition: {x: 0, y: 0, z: 0}
  m_LocalScale: {x: 1, y: 1, z: 1}
  m_Children: []
  m_Father: {fileID: 457171012}
  m_RootOrder: 0
  m_AnchorMin: {x: 0.5, y: 0.5}
  m_AnchorMax: {x: 0.5, y: 0.5}
  m_AnchoredPosition: {x: -36.5, y: -88}
  m_SizeDelta: {x: 695, y: 67}
  m_Pivot: {x: 0.5, y: 0.5}
--- !u!114 &1229692635
MonoBehaviour:
  m_ObjectHideFlags: 0
  m_PrefabParentObject: {fileID: 11479470, guid: 13155598da289b6468da0742062328f5,
    type: 2}
  m_PrefabInternal: {fileID: 1368200695}
  m_GameObject: {fileID: 1229692633}
  m_Enabled: 1
  m_EditorHideFlags: 0
  m_Script: {fileID: 708705254, guid: f5f67c52d1564df4a8936ccd202a3bd8, type: 3}
  m_Name: 
  m_EditorClassIdentifier: 
  m_Material: {fileID: 0}
  m_Color: {r: 0.85490197, g: 0.85490197, b: 0.85490197, a: 1}
  m_RaycastTarget: 1
  m_OnCullStateChanged:
    m_PersistentCalls:
      m_Calls: []
    m_TypeName: UnityEngine.UI.MaskableGraphic+CullStateChangedEvent, UnityEngine.UI,
      Version=1.0.0.0, Culture=neutral, PublicKeyToken=null
  m_FontData:
    m_Font: {fileID: 12800000, guid: 218956a5c2a6e42d6a60afccf80b002b, type: 3}
    m_FontSize: 40
    m_FontStyle: 0
    m_BestFit: 0
    m_MinSize: 10
    m_MaxSize: 40
    m_Alignment: 0
    m_AlignByGeometry: 0
    m_RichText: 1
    m_HorizontalOverflow: 0
    m_VerticalOverflow: 1
    m_LineSpacing: 1
  m_Text: APP SAMPLE TABLET
--- !u!222 &1229692636
CanvasRenderer:
  m_ObjectHideFlags: 0
  m_PrefabParentObject: {fileID: 22279480, guid: 13155598da289b6468da0742062328f5,
    type: 2}
  m_PrefabInternal: {fileID: 1368200695}
  m_GameObject: {fileID: 1229692633}
--- !u!1 &1229798353
GameObject:
  m_ObjectHideFlags: 0
  m_PrefabParentObject: {fileID: 179464, guid: 13155598da289b6468da0742062328f5, type: 2}
  m_PrefabInternal: {fileID: 1368200695}
  serializedVersion: 4
  m_Component:
  - 224: {fileID: 1229798354}
  - 222: {fileID: 1229798356}
  - 114: {fileID: 1229798355}
  m_Layer: 5
  m_Name: Text
  m_TagString: Untagged
  m_Icon: {fileID: 0}
  m_NavMeshLayer: 0
  m_StaticEditorFlags: 0
  m_IsActive: 1
--- !u!224 &1229798354
RectTransform:
  m_ObjectHideFlags: 0
  m_PrefabParentObject: {fileID: 22479464, guid: 13155598da289b6468da0742062328f5,
    type: 2}
  m_PrefabInternal: {fileID: 1368200695}
  m_GameObject: {fileID: 1229798353}
  m_LocalRotation: {x: 0, y: 0, z: 0, w: 1}
  m_LocalPosition: {x: 0, y: 0, z: 0}
  m_LocalScale: {x: 1, y: 1, z: 1}
  m_Children: []
  m_Father: {fileID: 1037663942}
  m_RootOrder: 2
  m_AnchorMin: {x: 0.5, y: 0.5}
  m_AnchorMax: {x: 0.5, y: 0.5}
  m_AnchoredPosition: {x: 0, y: 6}
  m_SizeDelta: {x: 112.9, y: 35.7}
  m_Pivot: {x: 0.5, y: 0.5}
--- !u!114 &1229798355
MonoBehaviour:
  m_ObjectHideFlags: 0
  m_PrefabParentObject: {fileID: 11479456, guid: 13155598da289b6468da0742062328f5,
    type: 2}
  m_PrefabInternal: {fileID: 1368200695}
  m_GameObject: {fileID: 1229798353}
  m_Enabled: 1
  m_EditorHideFlags: 0
  m_Script: {fileID: 708705254, guid: f5f67c52d1564df4a8936ccd202a3bd8, type: 3}
  m_Name: 
  m_EditorClassIdentifier: 
  m_Material: {fileID: 0}
  m_Color: {r: 0.8308824, g: 0.8308824, b: 0.8308824, a: 1}
  m_RaycastTarget: 1
  m_OnCullStateChanged:
    m_PersistentCalls:
      m_Calls: []
    m_TypeName: UnityEngine.UI.MaskableGraphic+CullStateChangedEvent, UnityEngine.UI,
      Version=1.0.0.0, Culture=neutral, PublicKeyToken=null
  m_FontData:
    m_Font: {fileID: 12800000, guid: 218956a5c2a6e42d6a60afccf80b002b, type: 3}
    m_FontSize: 20
    m_FontStyle: 0
    m_BestFit: 0
    m_MinSize: 10
    m_MaxSize: 40
    m_Alignment: 4
    m_AlignByGeometry: 0
    m_RichText: 1
    m_HorizontalOverflow: 0
    m_VerticalOverflow: 0
    m_LineSpacing: 1
  m_Text: Steps
--- !u!222 &1229798356
CanvasRenderer:
  m_ObjectHideFlags: 0
  m_PrefabParentObject: {fileID: 22279466, guid: 13155598da289b6468da0742062328f5,
    type: 2}
  m_PrefabInternal: {fileID: 1368200695}
  m_GameObject: {fileID: 1229798353}
--- !u!1 &1256017573
GameObject:
  m_ObjectHideFlags: 0
  m_PrefabParentObject: {fileID: 179456, guid: 13155598da289b6468da0742062328f5, type: 2}
  m_PrefabInternal: {fileID: 1368200695}
  serializedVersion: 4
  m_Component:
  - 224: {fileID: 1256017574}
  - 222: {fileID: 1256017576}
  - 114: {fileID: 1256017575}
  m_Layer: 5
  m_Name: Text
  m_TagString: Untagged
  m_Icon: {fileID: 0}
  m_NavMeshLayer: 0
  m_StaticEditorFlags: 0
  m_IsActive: 1
--- !u!224 &1256017574
RectTransform:
  m_ObjectHideFlags: 0
  m_PrefabParentObject: {fileID: 22479456, guid: 13155598da289b6468da0742062328f5,
    type: 2}
  m_PrefabInternal: {fileID: 1368200695}
  m_GameObject: {fileID: 1256017573}
  m_LocalRotation: {x: 0, y: 0, z: 0, w: 1}
  m_LocalPosition: {x: 0, y: 0, z: 0}
  m_LocalScale: {x: 1, y: 1, z: 1}
  m_Children: []
  m_Father: {fileID: 1037856207}
  m_RootOrder: 3
  m_AnchorMin: {x: 0.5, y: 0.5}
  m_AnchorMax: {x: 0.5, y: 0.5}
  m_AnchoredPosition: {x: 0, y: -68}
  m_SizeDelta: {x: 198, y: 42}
  m_Pivot: {x: 0.5, y: 0.5}
--- !u!114 &1256017575
MonoBehaviour:
  m_ObjectHideFlags: 0
  m_PrefabParentObject: {fileID: 11479448, guid: 13155598da289b6468da0742062328f5,
    type: 2}
  m_PrefabInternal: {fileID: 1368200695}
  m_GameObject: {fileID: 1256017573}
  m_Enabled: 1
  m_EditorHideFlags: 0
  m_Script: {fileID: 708705254, guid: f5f67c52d1564df4a8936ccd202a3bd8, type: 3}
  m_Name: 
  m_EditorClassIdentifier: 
  m_Material: {fileID: 0}
  m_Color: {r: 0.49264705, g: 0.49264705, b: 0.49264705, a: 1}
  m_RaycastTarget: 1
  m_OnCullStateChanged:
    m_PersistentCalls:
      m_Calls: []
    m_TypeName: UnityEngine.UI.MaskableGraphic+CullStateChangedEvent, UnityEngine.UI,
      Version=1.0.0.0, Culture=neutral, PublicKeyToken=null
  m_FontData:
    m_Font: {fileID: 12800000, guid: 218956a5c2a6e42d6a60afccf80b002b, type: 3}
    m_FontSize: 19
    m_FontStyle: 0
    m_BestFit: 0
    m_MinSize: 10
    m_MaxSize: 40
    m_Alignment: 4
    m_AlignByGeometry: 0
    m_RichText: 1
    m_HorizontalOverflow: 0
    m_VerticalOverflow: 0
    m_LineSpacing: 1
  m_Text: READY TO GO
--- !u!222 &1256017576
CanvasRenderer:
  m_ObjectHideFlags: 0
  m_PrefabParentObject: {fileID: 22279458, guid: 13155598da289b6468da0742062328f5,
    type: 2}
  m_PrefabInternal: {fileID: 1368200695}
  m_GameObject: {fileID: 1256017573}
--- !u!1001 &1368200695
Prefab:
  m_ObjectHideFlags: 0
  serializedVersion: 2
  m_Modification:
    m_TransformParent: {fileID: 0}
    m_Modifications:
    - target: {fileID: 22479484, guid: 13155598da289b6468da0742062328f5, type: 2}
      propertyPath: m_LocalPosition.x
      value: 0
      objectReference: {fileID: 0}
    - target: {fileID: 22479484, guid: 13155598da289b6468da0742062328f5, type: 2}
      propertyPath: m_LocalPosition.y
      value: 0
      objectReference: {fileID: 0}
    - target: {fileID: 22479484, guid: 13155598da289b6468da0742062328f5, type: 2}
      propertyPath: m_LocalPosition.z
      value: 0
      objectReference: {fileID: 0}
    - target: {fileID: 22479484, guid: 13155598da289b6468da0742062328f5, type: 2}
      propertyPath: m_LocalRotation.x
      value: 0
      objectReference: {fileID: 0}
    - target: {fileID: 22479484, guid: 13155598da289b6468da0742062328f5, type: 2}
      propertyPath: m_LocalRotation.y
      value: 0
      objectReference: {fileID: 0}
    - target: {fileID: 22479484, guid: 13155598da289b6468da0742062328f5, type: 2}
      propertyPath: m_LocalRotation.z
      value: 0
      objectReference: {fileID: 0}
    - target: {fileID: 22479484, guid: 13155598da289b6468da0742062328f5, type: 2}
      propertyPath: m_LocalRotation.w
      value: 1
      objectReference: {fileID: 0}
    - target: {fileID: 22479484, guid: 13155598da289b6468da0742062328f5, type: 2}
      propertyPath: m_RootOrder
      value: 0
      objectReference: {fileID: 0}
    - target: {fileID: 22479484, guid: 13155598da289b6468da0742062328f5, type: 2}
      propertyPath: m_AnchoredPosition.x
      value: 0
      objectReference: {fileID: 0}
    - target: {fileID: 22479484, guid: 13155598da289b6468da0742062328f5, type: 2}
      propertyPath: m_AnchoredPosition.y
      value: 0
      objectReference: {fileID: 0}
    - target: {fileID: 22479484, guid: 13155598da289b6468da0742062328f5, type: 2}
      propertyPath: m_SizeDelta.x
      value: 0
      objectReference: {fileID: 0}
    - target: {fileID: 22479484, guid: 13155598da289b6468da0742062328f5, type: 2}
      propertyPath: m_SizeDelta.y
      value: 0
      objectReference: {fileID: 0}
    - target: {fileID: 22479484, guid: 13155598da289b6468da0742062328f5, type: 2}
      propertyPath: m_AnchorMin.x
      value: 0
      objectReference: {fileID: 0}
    - target: {fileID: 22479484, guid: 13155598da289b6468da0742062328f5, type: 2}
      propertyPath: m_AnchorMin.y
      value: 0
      objectReference: {fileID: 0}
    - target: {fileID: 22479484, guid: 13155598da289b6468da0742062328f5, type: 2}
      propertyPath: m_AnchorMax.x
      value: 0
      objectReference: {fileID: 0}
    - target: {fileID: 22479484, guid: 13155598da289b6468da0742062328f5, type: 2}
      propertyPath: m_AnchorMax.y
      value: 0
      objectReference: {fileID: 0}
    - target: {fileID: 22479484, guid: 13155598da289b6468da0742062328f5, type: 2}
      propertyPath: m_Pivot.x
      value: 0
      objectReference: {fileID: 0}
    - target: {fileID: 22479484, guid: 13155598da289b6468da0742062328f5, type: 2}
      propertyPath: m_Pivot.y
      value: 0
      objectReference: {fileID: 0}
    m_RemovedComponents: []
  m_ParentPrefab: {fileID: 100100000, guid: 13155598da289b6468da0742062328f5, type: 2}
  m_RootGameObject: {fileID: 1562071930}
  m_IsPrefabParent: 0
--- !u!1 &1437884965
GameObject:
  m_ObjectHideFlags: 0
  m_PrefabParentObject: {fileID: 179498, guid: 13155598da289b6468da0742062328f5, type: 2}
  m_PrefabInternal: {fileID: 1368200695}
  serializedVersion: 4
  m_Component:
  - 224: {fileID: 1437884966}
  - 222: {fileID: 1437884968}
  - 114: {fileID: 1437884967}
  m_Layer: 5
  m_Name: Text
  m_TagString: Untagged
  m_Icon: {fileID: 0}
  m_NavMeshLayer: 0
  m_StaticEditorFlags: 0
  m_IsActive: 1
--- !u!224 &1437884966
RectTransform:
  m_ObjectHideFlags: 0
  m_PrefabParentObject: {fileID: 22479498, guid: 13155598da289b6468da0742062328f5,
    type: 2}
  m_PrefabInternal: {fileID: 1368200695}
  m_GameObject: {fileID: 1437884965}
  m_LocalRotation: {x: 0, y: 0, z: 0, w: 1}
  m_LocalPosition: {x: 0, y: 0, z: 0}
  m_LocalScale: {x: 1, y: 1, z: 1}
  m_Children: []
  m_Father: {fileID: 261410557}
  m_RootOrder: 2
  m_AnchorMin: {x: 0.5, y: 0.5}
  m_AnchorMax: {x: 0.5, y: 0.5}
  m_AnchoredPosition: {x: 0, y: -80}
  m_SizeDelta: {x: 198, y: 42}
  m_Pivot: {x: 0.5, y: 0.5}
--- !u!114 &1437884967
MonoBehaviour:
  m_ObjectHideFlags: 0
  m_PrefabParentObject: {fileID: 11479496, guid: 13155598da289b6468da0742062328f5,
    type: 2}
  m_PrefabInternal: {fileID: 1368200695}
  m_GameObject: {fileID: 1437884965}
  m_Enabled: 1
  m_EditorHideFlags: 0
  m_Script: {fileID: 708705254, guid: f5f67c52d1564df4a8936ccd202a3bd8, type: 3}
  m_Name: 
  m_EditorClassIdentifier: 
  m_Material: {fileID: 0}
  m_Color: {r: 0.49264705, g: 0.49264705, b: 0.49264705, a: 1}
  m_RaycastTarget: 1
  m_OnCullStateChanged:
    m_PersistentCalls:
      m_Calls: []
    m_TypeName: UnityEngine.UI.MaskableGraphic+CullStateChangedEvent, UnityEngine.UI,
      Version=1.0.0.0, Culture=neutral, PublicKeyToken=null
  m_FontData:
    m_Font: {fileID: 12800000, guid: 218956a5c2a6e42d6a60afccf80b002b, type: 3}
    m_FontSize: 19
    m_FontStyle: 0
    m_BestFit: 0
    m_MinSize: 10
    m_MaxSize: 40
    m_Alignment: 4
    m_AlignByGeometry: 0
    m_RichText: 1
    m_HorizontalOverflow: 0
    m_VerticalOverflow: 0
    m_LineSpacing: 1
  m_Text: READY TO GO
--- !u!222 &1437884968
CanvasRenderer:
  m_ObjectHideFlags: 0
  m_PrefabParentObject: {fileID: 22279498, guid: 13155598da289b6468da0742062328f5,
    type: 2}
  m_PrefabInternal: {fileID: 1368200695}
  m_GameObject: {fileID: 1437884965}
--- !u!1 &1500371475
GameObject:
  m_ObjectHideFlags: 0
  m_PrefabParentObject: {fileID: 0}
  m_PrefabInternal: {fileID: 0}
  serializedVersion: 4
  m_Component:
  - 4: {fileID: 1500371479}
  - 114: {fileID: 1500371478}
  - 114: {fileID: 1500371477}
  - 114: {fileID: 1500371476}
  m_Layer: 0
  m_Name: EventSystem
  m_TagString: Untagged
  m_Icon: {fileID: 0}
  m_NavMeshLayer: 0
  m_StaticEditorFlags: 0
  m_IsActive: 1
--- !u!114 &1500371476
MonoBehaviour:
  m_ObjectHideFlags: 0
  m_PrefabParentObject: {fileID: 0}
  m_PrefabInternal: {fileID: 0}
  m_GameObject: {fileID: 1500371475}
  m_Enabled: 1
  m_EditorHideFlags: 0
  m_Script: {fileID: 1997211142, guid: f5f67c52d1564df4a8936ccd202a3bd8, type: 3}
  m_Name: 
  m_EditorClassIdentifier: 
  m_ForceModuleActive: 0
--- !u!114 &1500371477
MonoBehaviour:
  m_ObjectHideFlags: 0
  m_PrefabParentObject: {fileID: 0}
  m_PrefabInternal: {fileID: 0}
  m_GameObject: {fileID: 1500371475}
  m_Enabled: 1
  m_EditorHideFlags: 0
  m_Script: {fileID: 1077351063, guid: f5f67c52d1564df4a8936ccd202a3bd8, type: 3}
  m_Name: 
  m_EditorClassIdentifier: 
  m_HorizontalAxis: Horizontal
  m_VerticalAxis: Vertical
  m_SubmitButton: Submit
  m_CancelButton: Cancel
  m_InputActionsPerSecond: 10
  m_RepeatDelay: 0.5
  m_ForceModuleActive: 0
--- !u!114 &1500371478
MonoBehaviour:
  m_ObjectHideFlags: 0
  m_PrefabParentObject: {fileID: 0}
  m_PrefabInternal: {fileID: 0}
  m_GameObject: {fileID: 1500371475}
  m_Enabled: 1
  m_EditorHideFlags: 0
  m_Script: {fileID: -619905303, guid: f5f67c52d1564df4a8936ccd202a3bd8, type: 3}
  m_Name: 
  m_EditorClassIdentifier: 
  m_FirstSelected: {fileID: 0}
  m_sendNavigationEvents: 1
  m_DragThreshold: 5
--- !u!4 &1500371479
Transform:
  m_ObjectHideFlags: 0
  m_PrefabParentObject: {fileID: 0}
  m_PrefabInternal: {fileID: 0}
  m_GameObject: {fileID: 1500371475}
  m_LocalRotation: {x: 0, y: 0, z: 0, w: 1}
  m_LocalPosition: {x: 0, y: 0, z: 0}
  m_LocalScale: {x: 1, y: 1, z: 1}
  m_Children: []
  m_Father: {fileID: 0}
  m_RootOrder: 1
--- !u!1 &1511305452
GameObject:
  m_ObjectHideFlags: 0
  m_PrefabParentObject: {fileID: 0}
  m_PrefabInternal: {fileID: 0}
  serializedVersion: 4
  m_Component:
  - 4: {fileID: 1511305453}
  m_Layer: 0
  m_Name: __SET_YOUR_GAMESCREEN_TO_768x1024
  m_TagString: Untagged
  m_Icon: {fileID: 0}
  m_NavMeshLayer: 0
  m_StaticEditorFlags: 0
  m_IsActive: 1
--- !u!4 &1511305453
Transform:
  m_ObjectHideFlags: 0
  m_PrefabParentObject: {fileID: 0}
  m_PrefabInternal: {fileID: 0}
  m_GameObject: {fileID: 1511305452}
  m_LocalRotation: {x: 0, y: 0, z: 0, w: 1}
  m_LocalPosition: {x: 494.995, y: 627.74, z: 0}
  m_LocalScale: {x: 1, y: 1, z: 1}
  m_Children: []
  m_Father: {fileID: 0}
  m_RootOrder: 2
--- !u!1 &1562071930
GameObject:
  m_ObjectHideFlags: 0
  m_PrefabParentObject: {fileID: 179484, guid: 13155598da289b6468da0742062328f5, type: 2}
  m_PrefabInternal: {fileID: 1368200695}
  serializedVersion: 4
  m_Component:
  - 224: {fileID: 1562071934}
  - 223: {fileID: 1562071933}
  - 114: {fileID: 1562071932}
  - 114: {fileID: 1562071931}
  m_Layer: 5
  m_Name: Charts
  m_TagString: Untagged
  m_Icon: {fileID: 0}
  m_NavMeshLayer: 0
  m_StaticEditorFlags: 0
  m_IsActive: 1
--- !u!114 &1562071931
MonoBehaviour:
  m_ObjectHideFlags: 0
  m_PrefabParentObject: {fileID: 11479480, guid: 13155598da289b6468da0742062328f5,
    type: 2}
  m_PrefabInternal: {fileID: 1368200695}
  m_GameObject: {fileID: 1562071930}
  m_Enabled: 1
  m_EditorHideFlags: 0
  m_Script: {fileID: 1301386320, guid: f5f67c52d1564df4a8936ccd202a3bd8, type: 3}
  m_Name: 
  m_EditorClassIdentifier: 
  m_IgnoreReversedGraphics: 1
  m_BlockingObjects: 0
  m_BlockingMask:
    serializedVersion: 2
    m_Bits: 4294967295
--- !u!114 &1562071932
MonoBehaviour:
  m_ObjectHideFlags: 0
  m_PrefabParentObject: {fileID: 11479478, guid: 13155598da289b6468da0742062328f5,
    type: 2}
  m_PrefabInternal: {fileID: 1368200695}
  m_GameObject: {fileID: 1562071930}
  m_Enabled: 1
  m_EditorHideFlags: 0
  m_Script: {fileID: 1980459831, guid: f5f67c52d1564df4a8936ccd202a3bd8, type: 3}
  m_Name: 
  m_EditorClassIdentifier: 
  m_UiScaleMode: 1
  m_ReferencePixelsPerUnit: 100
  m_ScaleFactor: 1
  m_ReferenceResolution: {x: 1536, y: 2048}
  m_ScreenMatchMode: 0
  m_MatchWidthOrHeight: 1
  m_PhysicalUnit: 3
  m_FallbackScreenDPI: 96
  m_DefaultSpriteDPI: 96
  m_DynamicPixelsPerUnit: 1
--- !u!223 &1562071933
Canvas:
  m_ObjectHideFlags: 0
  m_PrefabParentObject: {fileID: 22379504, guid: 13155598da289b6468da0742062328f5,
    type: 2}
  m_PrefabInternal: {fileID: 1368200695}
  m_GameObject: {fileID: 1562071930}
  m_Enabled: 1
  serializedVersion: 2
  m_RenderMode: 0
  m_Camera: {fileID: 0}
  m_PlaneDistance: 100
  m_PixelPerfect: 1
  m_ReceivesEvents: 1
  m_OverrideSorting: 0
  m_OverridePixelPerfect: 0
  m_SortingLayerID: 0
  m_SortingOrder: 0
  m_TargetDisplay: 0
--- !u!224 &1562071934
RectTransform:
  m_ObjectHideFlags: 0
  m_PrefabParentObject: {fileID: 22479484, guid: 13155598da289b6468da0742062328f5,
    type: 2}
  m_PrefabInternal: {fileID: 1368200695}
  m_GameObject: {fileID: 1562071930}
  m_LocalRotation: {x: 0, y: 0, z: 0, w: 1}
  m_LocalPosition: {x: 0, y: 0, z: 0}
  m_LocalScale: {x: 0, y: 0, z: 0}
  m_Children:
  - {fileID: 457171012}
  - {fileID: 945538242}
  m_Father: {fileID: 0}
  m_RootOrder: 0
  m_AnchorMin: {x: 0, y: 0}
  m_AnchorMax: {x: 0, y: 0}
  m_AnchoredPosition: {x: 0, y: 0}
  m_SizeDelta: {x: 0, y: 0}
  m_Pivot: {x: 0, y: 0}
--- !u!1 &1564748423
GameObject:
  m_ObjectHideFlags: 0
  m_PrefabParentObject: {fileID: 179462, guid: 13155598da289b6468da0742062328f5, type: 2}
  m_PrefabInternal: {fileID: 1368200695}
  serializedVersion: 4
  m_Component:
  - 224: {fileID: 1564748424}
  - 222: {fileID: 1564748426}
  - 114: {fileID: 1564748425}
  m_Layer: 5
  m_Name: Text
  m_TagString: Untagged
  m_Icon: {fileID: 0}
  m_NavMeshLayer: 0
  m_StaticEditorFlags: 0
  m_IsActive: 1
--- !u!224 &1564748424
RectTransform:
  m_ObjectHideFlags: 0
  m_PrefabParentObject: {fileID: 22479462, guid: 13155598da289b6468da0742062328f5,
    type: 2}
  m_PrefabInternal: {fileID: 1368200695}
  m_GameObject: {fileID: 1564748423}
  m_LocalRotation: {x: 0, y: 0, z: 0, w: 1}
  m_LocalPosition: {x: 0, y: 0, z: 0}
  m_LocalScale: {x: 1, y: 1, z: 1}
  m_Children: []
  m_Father: {fileID: 1037663942}
  m_RootOrder: 4
  m_AnchorMin: {x: 0.5, y: 0.5}
  m_AnchorMax: {x: 0.5, y: 0.5}
  m_AnchoredPosition: {x: 0, y: -68}
  m_SizeDelta: {x: 198, y: 42}
  m_Pivot: {x: 0.5, y: 0.5}
--- !u!114 &1564748425
MonoBehaviour:
  m_ObjectHideFlags: 0
  m_PrefabParentObject: {fileID: 11479454, guid: 13155598da289b6468da0742062328f5,
    type: 2}
  m_PrefabInternal: {fileID: 1368200695}
  m_GameObject: {fileID: 1564748423}
  m_Enabled: 1
  m_EditorHideFlags: 0
  m_Script: {fileID: 708705254, guid: f5f67c52d1564df4a8936ccd202a3bd8, type: 3}
  m_Name: 
  m_EditorClassIdentifier: 
  m_Material: {fileID: 0}
  m_Color: {r: 0.49264705, g: 0.49264705, b: 0.49264705, a: 1}
  m_RaycastTarget: 1
  m_OnCullStateChanged:
    m_PersistentCalls:
      m_Calls: []
    m_TypeName: UnityEngine.UI.MaskableGraphic+CullStateChangedEvent, UnityEngine.UI,
      Version=1.0.0.0, Culture=neutral, PublicKeyToken=null
  m_FontData:
    m_Font: {fileID: 12800000, guid: 218956a5c2a6e42d6a60afccf80b002b, type: 3}
    m_FontSize: 19
    m_FontStyle: 0
    m_BestFit: 0
    m_MinSize: 10
    m_MaxSize: 40
    m_Alignment: 4
    m_AlignByGeometry: 0
    m_RichText: 1
    m_HorizontalOverflow: 0
    m_VerticalOverflow: 0
    m_LineSpacing: 1
  m_Text: READY TO GO
--- !u!222 &1564748426
CanvasRenderer:
  m_ObjectHideFlags: 0
  m_PrefabParentObject: {fileID: 22279464, guid: 13155598da289b6468da0742062328f5,
    type: 2}
  m_PrefabInternal: {fileID: 1368200695}
  m_GameObject: {fileID: 1564748423}
--- !u!1 &1808633178
GameObject:
  m_ObjectHideFlags: 0
  m_PrefabParentObject: {fileID: 179466, guid: 13155598da289b6468da0742062328f5, type: 2}
  m_PrefabInternal: {fileID: 1368200695}
  serializedVersion: 4
  m_Component:
  - 224: {fileID: 1808633179}
  - 222: {fileID: 1808633181}
  - 114: {fileID: 1808633180}
  m_Layer: 5
  m_Name: FillingObject
  m_TagString: Untagged
  m_Icon: {fileID: 0}
  m_NavMeshLayer: 0
  m_StaticEditorFlags: 0
  m_IsActive: 1
--- !u!224 &1808633179
RectTransform:
  m_ObjectHideFlags: 0
  m_PrefabParentObject: {fileID: 22479466, guid: 13155598da289b6468da0742062328f5,
    type: 2}
  m_PrefabInternal: {fileID: 1368200695}
  m_GameObject: {fileID: 1808633178}
  m_LocalRotation: {x: 0, y: 0, z: 0, w: 1}
  m_LocalPosition: {x: 0, y: 0, z: 0}
  m_LocalScale: {x: 1, y: 1, z: 1}
  m_Children: []
  m_Father: {fileID: 1037663942}
  m_RootOrder: 0
  m_AnchorMin: {x: 0.5, y: 0.5}
  m_AnchorMax: {x: 0.5, y: 0.5}
  m_AnchoredPosition: {x: 0, y: 0}
  m_SizeDelta: {x: 525, y: 525}
  m_Pivot: {x: 0.5, y: 0.5}
--- !u!114 &1808633180
MonoBehaviour:
  m_ObjectHideFlags: 0
  m_PrefabParentObject: {fileID: 11479458, guid: 13155598da289b6468da0742062328f5,
    type: 2}
  m_PrefabInternal: {fileID: 1368200695}
  m_GameObject: {fileID: 1808633178}
  m_Enabled: 1
  m_EditorHideFlags: 0
  m_Script: {fileID: -765806418, guid: f5f67c52d1564df4a8936ccd202a3bd8, type: 3}
  m_Name: 
  m_EditorClassIdentifier: 
  m_Material: {fileID: 0}
  m_Color: {r: 0.99215686, g: 0.4509804, b: 0.44313726, a: 1}
  m_RaycastTarget: 1
  m_OnCullStateChanged:
    m_PersistentCalls:
      m_Calls: []
    m_TypeName: UnityEngine.UI.MaskableGraphic+CullStateChangedEvent, UnityEngine.UI,
      Version=1.0.0.0, Culture=neutral, PublicKeyToken=null
  m_Sprite: {fileID: 21300000, guid: c6157dc9c292b704b93e50622ca4095f, type: 3}
  m_Type: 3
  m_PreserveAspect: 0
  m_FillCenter: 1
  m_FillMethod: 4
  m_FillAmount: 0.402
  m_FillClockwise: 1
  m_FillOrigin: 2
--- !u!222 &1808633181
CanvasRenderer:
  m_ObjectHideFlags: 0
  m_PrefabParentObject: {fileID: 22279468, guid: 13155598da289b6468da0742062328f5,
    type: 2}
  m_PrefabInternal: {fileID: 1368200695}
  m_GameObject: {fileID: 1808633178}
--- !u!1 &1813596233
GameObject:
  m_ObjectHideFlags: 0
  m_PrefabParentObject: {fileID: 179490, guid: 13155598da289b6468da0742062328f5, type: 2}
  m_PrefabInternal: {fileID: 1368200695}
  serializedVersion: 4
  m_Component:
  - 224: {fileID: 1813596234}
  - 222: {fileID: 1813596236}
  - 114: {fileID: 1813596235}
  m_Layer: 5
  m_Name: FillingObject
  m_TagString: Untagged
  m_Icon: {fileID: 0}
  m_NavMeshLayer: 0
  m_StaticEditorFlags: 0
  m_IsActive: 1
--- !u!224 &1813596234
RectTransform:
  m_ObjectHideFlags: 0
  m_PrefabParentObject: {fileID: 22479490, guid: 13155598da289b6468da0742062328f5,
    type: 2}
  m_PrefabInternal: {fileID: 1368200695}
  m_GameObject: {fileID: 1813596233}
  m_LocalRotation: {x: 0, y: 0, z: 0, w: 1}
  m_LocalPosition: {x: 0, y: 0, z: 0}
  m_LocalScale: {x: 1, y: 1, z: 1}
  m_Children:
  - {fileID: 1163103538}
  m_Father: {fileID: 1170059332}
  m_RootOrder: 0
  m_AnchorMin: {x: 0.5, y: 0.5}
  m_AnchorMax: {x: 0.5, y: 0.5}
  m_AnchoredPosition: {x: 0, y: 0}
  m_SizeDelta: {x: 525, y: 525}
  m_Pivot: {x: 0.5, y: 0.5}
--- !u!114 &1813596235
MonoBehaviour:
  m_ObjectHideFlags: 0
  m_PrefabParentObject: {fileID: 11479486, guid: 13155598da289b6468da0742062328f5,
    type: 2}
  m_PrefabInternal: {fileID: 1368200695}
  m_GameObject: {fileID: 1813596233}
  m_Enabled: 1
  m_EditorHideFlags: 0
  m_Script: {fileID: -765806418, guid: f5f67c52d1564df4a8936ccd202a3bd8, type: 3}
  m_Name: 
  m_EditorClassIdentifier: 
  m_Material: {fileID: 0}
  m_Color: {r: 0.99215686, g: 0.4509804, b: 0.44313726, a: 1}
  m_RaycastTarget: 1
  m_OnCullStateChanged:
    m_PersistentCalls:
      m_Calls: []
    m_TypeName: UnityEngine.UI.MaskableGraphic+CullStateChangedEvent, UnityEngine.UI,
      Version=1.0.0.0, Culture=neutral, PublicKeyToken=null
  m_Sprite: {fileID: 21300000, guid: c6157dc9c292b704b93e50622ca4095f, type: 3}
  m_Type: 3
  m_PreserveAspect: 0
  m_FillCenter: 1
  m_FillMethod: 4
  m_FillAmount: 0.085
  m_FillClockwise: 1
  m_FillOrigin: 2
--- !u!222 &1813596236
CanvasRenderer:
  m_ObjectHideFlags: 0
  m_PrefabParentObject: {fileID: 22279490, guid: 13155598da289b6468da0742062328f5,
    type: 2}
  m_PrefabInternal: {fileID: 1368200695}
  m_GameObject: {fileID: 1813596233}
--- !u!1 &1906633946
GameObject:
  m_ObjectHideFlags: 0
  m_PrefabParentObject: {fileID: 179488, guid: 13155598da289b6468da0742062328f5, type: 2}
  m_PrefabInternal: {fileID: 1368200695}
  serializedVersion: 4
  m_Component:
  - 224: {fileID: 1906633947}
  - 222: {fileID: 1906633949}
  - 114: {fileID: 1906633948}
  m_Layer: 5
  m_Name: Text
  m_TagString: Untagged
  m_Icon: {fileID: 0}
  m_NavMeshLayer: 0
  m_StaticEditorFlags: 0
  m_IsActive: 1
--- !u!224 &1906633947
RectTransform:
  m_ObjectHideFlags: 0
  m_PrefabParentObject: {fileID: 22479488, guid: 13155598da289b6468da0742062328f5,
    type: 2}
  m_PrefabInternal: {fileID: 1368200695}
  m_GameObject: {fileID: 1906633946}
  m_LocalRotation: {x: 0, y: 0, z: 0, w: 1}
  m_LocalPosition: {x: 0, y: 0, z: 0}
  m_LocalScale: {x: 1, y: 1, z: 1}
  m_Children: []
  m_Father: {fileID: 1037663942}
  m_RootOrder: 3
  m_AnchorMin: {x: 0.5, y: 0.5}
  m_AnchorMax: {x: 0.5, y: 0.5}
  m_AnchoredPosition: {x: 0, y: -29}
  m_SizeDelta: {x: 211.06, y: 67}
  m_Pivot: {x: 0.5, y: 0.5}
--- !u!114 &1906633948
MonoBehaviour:
  m_ObjectHideFlags: 0
  m_PrefabParentObject: {fileID: 11479484, guid: 13155598da289b6468da0742062328f5,
    type: 2}
  m_PrefabInternal: {fileID: 1368200695}
  m_GameObject: {fileID: 1906633946}
  m_Enabled: 1
  m_EditorHideFlags: 0
  m_Script: {fileID: 708705254, guid: f5f67c52d1564df4a8936ccd202a3bd8, type: 3}
  m_Name: 
  m_EditorClassIdentifier: 
  m_Material: {fileID: 0}
  m_Color: {r: 0.9044118, g: 0.9044118, b: 0.9044118, a: 1}
  m_RaycastTarget: 1
  m_OnCullStateChanged:
    m_PersistentCalls:
      m_Calls: []
    m_TypeName: UnityEngine.UI.MaskableGraphic+CullStateChangedEvent, UnityEngine.UI,
      Version=1.0.0.0, Culture=neutral, PublicKeyToken=null
  m_FontData:
    m_Font: {fileID: 12800000, guid: bd1ea67ca2b5742d1a24fcbdc17c55e1, type: 3}
    m_FontSize: 45
    m_FontStyle: 0
    m_BestFit: 0
    m_MinSize: 10
    m_MaxSize: 45
    m_Alignment: 4
    m_AlignByGeometry: 0
    m_RichText: 1
    m_HorizontalOverflow: 0
    m_VerticalOverflow: 0
    m_LineSpacing: 1
  m_Text: Activities
--- !u!222 &1906633949
CanvasRenderer:
  m_ObjectHideFlags: 0
  m_PrefabParentObject: {fileID: 22279488, guid: 13155598da289b6468da0742062328f5,
    type: 2}
  m_PrefabInternal: {fileID: 1368200695}
  m_GameObject: {fileID: 1906633946}
--- !u!1 &1952606855
GameObject:
  m_ObjectHideFlags: 0
  m_PrefabParentObject: {fileID: 179476, guid: 13155598da289b6468da0742062328f5, type: 2}
  m_PrefabInternal: {fileID: 1368200695}
  serializedVersion: 4
  m_Component:
  - 224: {fileID: 1952606856}
  - 222: {fileID: 1952606858}
  - 114: {fileID: 1952606857}
  m_Layer: 5
  m_Name: Image
  m_TagString: Untagged
  m_Icon: {fileID: 0}
  m_NavMeshLayer: 0
  m_StaticEditorFlags: 0
  m_IsActive: 1
--- !u!224 &1952606856
RectTransform:
  m_ObjectHideFlags: 0
  m_PrefabParentObject: {fileID: 22479476, guid: 13155598da289b6468da0742062328f5,
    type: 2}
  m_PrefabInternal: {fileID: 1368200695}
  m_GameObject: {fileID: 1952606855}
  m_LocalRotation: {x: 0, y: 0, z: 0, w: 1}
  m_LocalPosition: {x: 0, y: 0, z: 0}
  m_LocalScale: {x: 1, y: 1, z: 1}
  m_Children: []
  m_Father: {fileID: 945538242}
  m_RootOrder: 0
  m_AnchorMin: {x: 0.5, y: 0.5}
  m_AnchorMax: {x: 0.5, y: 0.5}
  m_AnchoredPosition: {x: 0, y: 1006}
  m_SizeDelta: {x: 1536, y: 36}
  m_Pivot: {x: 0.5, y: 0.5}
--- !u!114 &1952606857
MonoBehaviour:
  m_ObjectHideFlags: 0
  m_PrefabParentObject: {fileID: 11479468, guid: 13155598da289b6468da0742062328f5,
    type: 2}
  m_PrefabInternal: {fileID: 1368200695}
  m_GameObject: {fileID: 1952606855}
  m_Enabled: 1
  m_EditorHideFlags: 0
  m_Script: {fileID: -765806418, guid: f5f67c52d1564df4a8936ccd202a3bd8, type: 3}
  m_Name: 
  m_EditorClassIdentifier: 
  m_Material: {fileID: 0}
  m_Color: {r: 0.17165874, g: 0.9338235, b: 0.55536926, a: 1}
  m_RaycastTarget: 1
  m_OnCullStateChanged:
    m_PersistentCalls:
      m_Calls: []
    m_TypeName: UnityEngine.UI.MaskableGraphic+CullStateChangedEvent, UnityEngine.UI,
      Version=1.0.0.0, Culture=neutral, PublicKeyToken=null
  m_Sprite: {fileID: 0}
  m_Type: 0
  m_PreserveAspect: 0
  m_FillCenter: 1
  m_FillMethod: 4
  m_FillAmount: 1
  m_FillClockwise: 1
  m_FillOrigin: 0
--- !u!222 &1952606858
CanvasRenderer:
  m_ObjectHideFlags: 0
  m_PrefabParentObject: {fileID: 22279478, guid: 13155598da289b6468da0742062328f5,
    type: 2}
  m_PrefabInternal: {fileID: 1368200695}
  m_GameObject: {fileID: 1952606855}
--- !u!1 &2009125951
GameObject:
  m_ObjectHideFlags: 0
  m_PrefabParentObject: {fileID: 179480, guid: 13155598da289b6468da0742062328f5, type: 2}
  m_PrefabInternal: {fileID: 1368200695}
  serializedVersion: 4
  m_Component:
  - 224: {fileID: 2009125952}
  - 222: {fileID: 2009125955}
  - 114: {fileID: 2009125954}
  - 114: {fileID: 2009125953}
  m_Layer: 5
  m_Name: Button
  m_TagString: Untagged
  m_Icon: {fileID: 0}
  m_NavMeshLayer: 0
  m_StaticEditorFlags: 0
  m_IsActive: 1
--- !u!224 &2009125952
RectTransform:
  m_ObjectHideFlags: 0
  m_PrefabParentObject: {fileID: 22479480, guid: 13155598da289b6468da0742062328f5,
    type: 2}
  m_PrefabInternal: {fileID: 1368200695}
  m_GameObject: {fileID: 2009125951}
  m_LocalRotation: {x: 0, y: 0, z: 0, w: 1}
  m_LocalPosition: {x: 0, y: 0, z: 0}
  m_LocalScale: {x: 1, y: 1, z: 1}
  m_Children: []
  m_Father: {fileID: 945538242}
  m_RootOrder: 2
  m_AnchorMin: {x: 0.5, y: 0.5}
  m_AnchorMax: {x: 0.5, y: 0.5}
  m_AnchoredPosition: {x: 703, y: 917}
  m_SizeDelta: {x: 47, y: 47}
  m_Pivot: {x: 0.5, y: 0.5}
--- !u!114 &2009125953
MonoBehaviour:
  m_ObjectHideFlags: 0
  m_PrefabParentObject: {fileID: 11479474, guid: 13155598da289b6468da0742062328f5,
    type: 2}
  m_PrefabInternal: {fileID: 1368200695}
  m_GameObject: {fileID: 2009125951}
  m_Enabled: 1
  m_EditorHideFlags: 0
  m_Script: {fileID: 1392445389, guid: f5f67c52d1564df4a8936ccd202a3bd8, type: 3}
  m_Name: 
  m_EditorClassIdentifier: 
  m_Navigation:
    m_Mode: 3
    m_SelectOnUp: {fileID: 0}
    m_SelectOnDown: {fileID: 0}
    m_SelectOnLeft: {fileID: 0}
    m_SelectOnRight: {fileID: 0}
  m_Transition: 1
  m_Colors:
    m_NormalColor: {r: 1, g: 1, b: 1, a: 1}
    m_HighlightedColor: {r: 0.9607843, g: 0.9607843, b: 0.9607843, a: 1}
    m_PressedColor: {r: 0.78431374, g: 0.78431374, b: 0.78431374, a: 1}
    m_DisabledColor: {r: 0.78431374, g: 0.78431374, b: 0.78431374, a: 0.5019608}
    m_ColorMultiplier: 1
    m_FadeDuration: 0.1
  m_SpriteState:
    m_HighlightedSprite: {fileID: 0}
    m_PressedSprite: {fileID: 0}
    m_DisabledSprite: {fileID: 0}
  m_AnimationTriggers:
    m_NormalTrigger: Normal
    m_HighlightedTrigger: Highlighted
    m_PressedTrigger: Pressed
    m_DisabledTrigger: Disabled
  m_Interactable: 1
  m_TargetGraphic: {fileID: 2009125954}
  m_OnClick:
    m_PersistentCalls:
      m_Calls: []
    m_TypeName: UnityEngine.UI.Button+ButtonClickedEvent, UnityEngine.UI, Version=1.0.0.0,
      Culture=neutral, PublicKeyToken=null
--- !u!114 &2009125954
MonoBehaviour:
  m_ObjectHideFlags: 0
  m_PrefabParentObject: {fileID: 11479472, guid: 13155598da289b6468da0742062328f5,
    type: 2}
  m_PrefabInternal: {fileID: 1368200695}
  m_GameObject: {fileID: 2009125951}
  m_Enabled: 1
  m_EditorHideFlags: 0
  m_Script: {fileID: -765806418, guid: f5f67c52d1564df4a8936ccd202a3bd8, type: 3}
  m_Name: 
  m_EditorClassIdentifier: 
  m_Material: {fileID: 0}
  m_Color: {r: 1, g: 1, b: 1, a: 1}
  m_RaycastTarget: 1
  m_OnCullStateChanged:
    m_PersistentCalls:
      m_Calls: []
    m_TypeName: UnityEngine.UI.MaskableGraphic+CullStateChangedEvent, UnityEngine.UI,
      Version=1.0.0.0, Culture=neutral, PublicKeyToken=null
  m_Sprite: {fileID: 21300000, guid: c4149d18ffdde4429a4479092d29e85c, type: 3}
  m_Type: 0
  m_PreserveAspect: 0
  m_FillCenter: 1
  m_FillMethod: 4
  m_FillAmount: 1
  m_FillClockwise: 1
  m_FillOrigin: 0
--- !u!222 &2009125955
CanvasRenderer:
  m_ObjectHideFlags: 0
  m_PrefabParentObject: {fileID: 22279482, guid: 13155598da289b6468da0742062328f5,
    type: 2}
  m_PrefabInternal: {fileID: 1368200695}
  m_GameObject: {fileID: 2009125951}
--- !u!1 &2034708155
GameObject:
  m_ObjectHideFlags: 0
  m_PrefabParentObject: {fileID: 179474, guid: 13155598da289b6468da0742062328f5, type: 2}
  m_PrefabInternal: {fileID: 1368200695}
  serializedVersion: 4
  m_Component:
  - 224: {fileID: 2034708156}
  - 222: {fileID: 2034708158}
  - 114: {fileID: 2034708157}
  m_Layer: 5
  m_Name: FillingObject
  m_TagString: Untagged
  m_Icon: {fileID: 0}
  m_NavMeshLayer: 0
  m_StaticEditorFlags: 0
  m_IsActive: 1
--- !u!224 &2034708156
RectTransform:
  m_ObjectHideFlags: 0
  m_PrefabParentObject: {fileID: 22479474, guid: 13155598da289b6468da0742062328f5,
    type: 2}
  m_PrefabInternal: {fileID: 1368200695}
  m_GameObject: {fileID: 2034708155}
  m_LocalRotation: {x: 0, y: 0, z: 0, w: 1}
  m_LocalPosition: {x: 0, y: 0, z: 0}
  m_LocalScale: {x: 1, y: 1, z: 1}
  m_Children:
  - {fileID: 2126520987}
  m_Father: {fileID: 261410557}
  m_RootOrder: 0
  m_AnchorMin: {x: 0.5, y: 0.5}
  m_AnchorMax: {x: 0.5, y: 0.5}
  m_AnchoredPosition: {x: 0, y: 0}
  m_SizeDelta: {x: 573, y: 573}
  m_Pivot: {x: 0.5, y: 0.5}
--- !u!114 &2034708157
MonoBehaviour:
  m_ObjectHideFlags: 0
  m_PrefabParentObject: {fileID: 11479466, guid: 13155598da289b6468da0742062328f5,
    type: 2}
  m_PrefabInternal: {fileID: 1368200695}
  m_GameObject: {fileID: 2034708155}
  m_Enabled: 1
  m_EditorHideFlags: 0
  m_Script: {fileID: -765806418, guid: f5f67c52d1564df4a8936ccd202a3bd8, type: 3}
  m_Name: 
  m_EditorClassIdentifier: 
  m_Material: {fileID: 0}
  m_Color: {r: 0.99215686, g: 0.4509804, b: 0.44313726, a: 1}
  m_RaycastTarget: 1
  m_OnCullStateChanged:
    m_PersistentCalls:
      m_Calls: []
    m_TypeName: UnityEngine.UI.MaskableGraphic+CullStateChangedEvent, UnityEngine.UI,
      Version=1.0.0.0, Culture=neutral, PublicKeyToken=null
  m_Sprite: {fileID: 21300000, guid: c6157dc9c292b704b93e50622ca4095f, type: 3}
  m_Type: 3
  m_PreserveAspect: 0
  m_FillCenter: 1
  m_FillMethod: 4
  m_FillAmount: 0.884
  m_FillClockwise: 1
  m_FillOrigin: 2
--- !u!222 &2034708158
CanvasRenderer:
  m_ObjectHideFlags: 0
  m_PrefabParentObject: {fileID: 22279476, guid: 13155598da289b6468da0742062328f5,
    type: 2}
  m_PrefabInternal: {fileID: 1368200695}
  m_GameObject: {fileID: 2034708155}
--- !u!1 &2055889121
GameObject:
  m_ObjectHideFlags: 0
  m_PrefabParentObject: {fileID: 179468, guid: 13155598da289b6468da0742062328f5, type: 2}
  m_PrefabInternal: {fileID: 1368200695}
  serializedVersion: 4
  m_Component:
  - 224: {fileID: 2055889122}
  - 222: {fileID: 2055889124}
  - 114: {fileID: 2055889123}
  m_Layer: 5
  m_Name: Text
  m_TagString: Untagged
  m_Icon: {fileID: 0}
  m_NavMeshLayer: 0
  m_StaticEditorFlags: 0
  m_IsActive: 1
--- !u!224 &2055889122
RectTransform:
  m_ObjectHideFlags: 0
  m_PrefabParentObject: {fileID: 22479468, guid: 13155598da289b6468da0742062328f5,
    type: 2}
  m_PrefabInternal: {fileID: 1368200695}
  m_GameObject: {fileID: 2055889121}
  m_LocalRotation: {x: 0, y: 0, z: 0, w: 1}
  m_LocalPosition: {x: 0, y: 0, z: 0}
  m_LocalScale: {x: 1, y: 1, z: 1}
  m_Children: []
  m_Father: {fileID: 1170059332}
  m_RootOrder: 2
  m_AnchorMin: {x: 0.5, y: 0.5}
  m_AnchorMax: {x: 0.5, y: 0.5}
  m_AnchoredPosition: {x: 0, y: -79}
  m_SizeDelta: {x: 198, y: 42}
  m_Pivot: {x: 0.5, y: 0.5}
--- !u!114 &2055889123
MonoBehaviour:
  m_ObjectHideFlags: 0
  m_PrefabParentObject: {fileID: 11479460, guid: 13155598da289b6468da0742062328f5,
    type: 2}
  m_PrefabInternal: {fileID: 1368200695}
  m_GameObject: {fileID: 2055889121}
  m_Enabled: 1
  m_EditorHideFlags: 0
  m_Script: {fileID: 708705254, guid: f5f67c52d1564df4a8936ccd202a3bd8, type: 3}
  m_Name: 
  m_EditorClassIdentifier: 
  m_Material: {fileID: 0}
  m_Color: {r: 0.49264705, g: 0.49264705, b: 0.49264705, a: 1}
  m_RaycastTarget: 1
  m_OnCullStateChanged:
    m_PersistentCalls:
      m_Calls: []
    m_TypeName: UnityEngine.UI.MaskableGraphic+CullStateChangedEvent, UnityEngine.UI,
      Version=1.0.0.0, Culture=neutral, PublicKeyToken=null
  m_FontData:
    m_Font: {fileID: 12800000, guid: 218956a5c2a6e42d6a60afccf80b002b, type: 3}
    m_FontSize: 19
    m_FontStyle: 0
    m_BestFit: 0
    m_MinSize: 10
    m_MaxSize: 40
    m_Alignment: 4
    m_AlignByGeometry: 0
    m_RichText: 1
    m_HorizontalOverflow: 0
    m_VerticalOverflow: 0
    m_LineSpacing: 1
  m_Text: READY TO GO
--- !u!222 &2055889124
CanvasRenderer:
  m_ObjectHideFlags: 0
  m_PrefabParentObject: {fileID: 22279470, guid: 13155598da289b6468da0742062328f5,
    type: 2}
  m_PrefabInternal: {fileID: 1368200695}
  m_GameObject: {fileID: 2055889121}
--- !u!1 &2126520986
GameObject:
  m_ObjectHideFlags: 0
  m_PrefabParentObject: {fileID: 179492, guid: 13155598da289b6468da0742062328f5, type: 2}
  m_PrefabInternal: {fileID: 1368200695}
  serializedVersion: 4
  m_Component:
  - 224: {fileID: 2126520987}
  - 222: {fileID: 2126520989}
  - 114: {fileID: 2126520988}
  m_Layer: 5
  m_Name: Image
  m_TagString: Untagged
  m_Icon: {fileID: 0}
  m_NavMeshLayer: 0
  m_StaticEditorFlags: 0
  m_IsActive: 1
--- !u!224 &2126520987
RectTransform:
  m_ObjectHideFlags: 0
  m_PrefabParentObject: {fileID: 22479492, guid: 13155598da289b6468da0742062328f5,
    type: 2}
  m_PrefabInternal: {fileID: 1368200695}
  m_GameObject: {fileID: 2126520986}
  m_LocalRotation: {x: 0, y: 0, z: 0, w: 1}
  m_LocalPosition: {x: 0, y: 0, z: 0}
  m_LocalScale: {x: 1, y: 1, z: 1}
  m_Children: []
  m_Father: {fileID: 2034708156}
  m_RootOrder: 0
  m_AnchorMin: {x: 0.5, y: 0.5}
  m_AnchorMax: {x: 0.5, y: 0.5}
  m_AnchoredPosition: {x: 0, y: 34}
  m_SizeDelta: {x: 72, y: 96}
  m_Pivot: {x: 0.5, y: 0.5}
--- !u!114 &2126520988
MonoBehaviour:
  m_ObjectHideFlags: 0
  m_PrefabParentObject: {fileID: 11479488, guid: 13155598da289b6468da0742062328f5,
    type: 2}
  m_PrefabInternal: {fileID: 1368200695}
  m_GameObject: {fileID: 2126520986}
  m_Enabled: 1
  m_EditorHideFlags: 0
  m_Script: {fileID: -765806418, guid: f5f67c52d1564df4a8936ccd202a3bd8, type: 3}
  m_Name: 
  m_EditorClassIdentifier: 
  m_Material: {fileID: 0}
  m_Color: {r: 0.99215686, g: 0.4509804, b: 0.44313726, a: 1}
  m_RaycastTarget: 1
  m_OnCullStateChanged:
    m_PersistentCalls:
      m_Calls: []
    m_TypeName: UnityEngine.UI.MaskableGraphic+CullStateChangedEvent, UnityEngine.UI,
      Version=1.0.0.0, Culture=neutral, PublicKeyToken=null
  m_Sprite: {fileID: 21300000, guid: fb6814f50822dea4fad9a97dc6bd8e67, type: 3}
  m_Type: 0
  m_PreserveAspect: 0
  m_FillCenter: 1
  m_FillMethod: 4
  m_FillAmount: 1
  m_FillClockwise: 1
  m_FillOrigin: 0
--- !u!222 &2126520989
CanvasRenderer:
  m_ObjectHideFlags: 0
  m_PrefabParentObject: {fileID: 22279492, guid: 13155598da289b6468da0742062328f5,
    type: 2}
  m_PrefabInternal: {fileID: 1368200695}
  m_GameObject: {fileID: 2126520986}
