%YAML 1.1
%TAG !u! tag:unity3d.com,2011:
--- !u!29 &1
SceneSettings:
  m_ObjectHideFlags: 0
  m_PVSData: 
  m_PVSObjectsArray: []
  m_PVSPortalsArray: []
  m_OcclusionBakeSettings:
    smallestOccluder: 5
    smallestHole: 0.25
    backfaceThreshold: 100
--- !u!104 &2
RenderSettings:
  m_ObjectHideFlags: 0
  serializedVersion: 6
  m_Fog: 0
  m_FogColor: {r: 0.5, g: 0.5, b: 0.5, a: 1}
  m_FogMode: 3
  m_FogDensity: 0.01
  m_LinearFogStart: 0
  m_LinearFogEnd: 300
  m_AmbientSkyColor: {r: 0.212, g: 0.227, b: 0.259, a: 1}
  m_AmbientEquatorColor: {r: 0.114, g: 0.125, b: 0.133, a: 1}
  m_AmbientGroundColor: {r: 0.047, g: 0.043, b: 0.035, a: 1}
  m_AmbientIntensity: 1
  m_AmbientMode: 0
  m_SkyboxMaterial: {fileID: 10304, guid: 0000000000000000f000000000000000, type: 0}
  m_HaloStrength: 0.5
  m_FlareStrength: 1
  m_FlareFadeSpeed: 3
  m_HaloTexture: {fileID: 0}
  m_SpotCookie: {fileID: 10001, guid: 0000000000000000e000000000000000, type: 0}
  m_DefaultReflectionMode: 0
  m_DefaultReflectionResolution: 128
  m_ReflectionBounces: 1
  m_ReflectionIntensity: 1
  m_CustomReflection: {fileID: 0}
  m_Sun: {fileID: 0}
--- !u!157 &4
LightmapSettings:
  m_ObjectHideFlags: 0
  serializedVersion: 6
  m_GIWorkflowMode: 0
  m_LightmapsMode: 1
  m_GISettings:
    serializedVersion: 2
    m_BounceScale: 1
    m_IndirectOutputScale: 1
    m_AlbedoBoost: 1
    m_TemporalCoherenceThreshold: 1
    m_EnvironmentLightingMode: 0
    m_EnableBakedLightmaps: 1
    m_EnableRealtimeLightmaps: 1
  m_LightmapEditorSettings:
    serializedVersion: 3
    m_Resolution: 2
    m_BakeResolution: 40
    m_TextureWidth: 1024
    m_TextureHeight: 1024
    m_AOMaxDistance: 1
    m_Padding: 2
    m_CompAOExponent: 0
    m_LightmapParameters: {fileID: 0}
    m_TextureCompression: 1
    m_FinalGather: 0
    m_FinalGatherRayCount: 1024
    m_ReflectionCompression: 2
  m_LightingDataAsset: {fileID: 0}
  m_RuntimeCPUUsage: 25
--- !u!196 &5
NavMeshSettings:
  serializedVersion: 2
  m_ObjectHideFlags: 0
  m_BuildSettings:
    serializedVersion: 2
    agentRadius: 0.5
    agentHeight: 2
    agentSlope: 45
    agentClimb: 0.4
    ledgeDropHeight: 0
    maxJumpAcrossDistance: 0
    accuratePlacement: 0
    minRegionArea: 2
    cellSize: 0.16666667
    manualCellSize: 0
  m_NavMeshData: {fileID: 0}
--- !u!1 &41336083
GameObject:
  m_ObjectHideFlags: 0
  m_PrefabParentObject: {fileID: 173930, guid: f7aa52cd8aba85e48833af2b3340ae89, type: 2}
  m_PrefabInternal: {fileID: 145076106}
  serializedVersion: 4
  m_Component:
  - 224: {fileID: 41336084}
  - 222: {fileID: 41336086}
  - 114: {fileID: 41336085}
  m_Layer: 5
  m_Name: Text
  m_TagString: Untagged
  m_Icon: {fileID: 0}
  m_NavMeshLayer: 0
  m_StaticEditorFlags: 0
  m_IsActive: 1
--- !u!224 &41336084
RectTransform:
  m_ObjectHideFlags: 0
  m_PrefabParentObject: {fileID: 22473930, guid: f7aa52cd8aba85e48833af2b3340ae89,
    type: 2}
  m_PrefabInternal: {fileID: 145076106}
  m_GameObject: {fileID: 41336083}
  m_LocalRotation: {x: 0, y: 0, z: 0, w: 1}
  m_LocalPosition: {x: 0, y: 0, z: 0}
  m_LocalScale: {x: 1, y: 1, z: 1}
  m_Children: []
  m_Father: {fileID: 1863514919}
  m_RootOrder: 4
  m_AnchorMin: {x: 0.5, y: 0.5}
  m_AnchorMax: {x: 0.5, y: 0.5}
  m_AnchoredPosition: {x: 170.3, y: 0}
  m_SizeDelta: {x: 44.2, y: 30}
  m_Pivot: {x: 0.5, y: 0.5}
--- !u!114 &41336085
MonoBehaviour:
  m_ObjectHideFlags: 0
  m_PrefabParentObject: {fileID: 11473940, guid: f7aa52cd8aba85e48833af2b3340ae89,
    type: 2}
  m_PrefabInternal: {fileID: 145076106}
  m_GameObject: {fileID: 41336083}
  m_Enabled: 1
  m_EditorHideFlags: 0
  m_Script: {fileID: 708705254, guid: f5f67c52d1564df4a8936ccd202a3bd8, type: 3}
  m_Name: 
  m_EditorClassIdentifier: 
  m_Material: {fileID: 0}
  m_Color: {r: 0.03676468, g: 0.03676468, b: 0.03676468, a: 0.827451}
  m_RaycastTarget: 1
  m_OnCullStateChanged:
    m_PersistentCalls:
      m_Calls: []
    m_TypeName: UnityEngine.UI.MaskableGraphic+CullStateChangedEvent, UnityEngine.UI,
      Version=1.0.0.0, Culture=neutral, PublicKeyToken=null
  m_FontData:
    m_Font: {fileID: 12800000, guid: 218956a5c2a6e42d6a60afccf80b002b, type: 3}
    m_FontSize: 20
    m_FontStyle: 0
    m_BestFit: 0
    m_MinSize: 10
    m_MaxSize: 40
    m_Alignment: 3
    m_AlignByGeometry: 0
    m_RichText: 1
    m_HorizontalOverflow: 0
    m_VerticalOverflow: 0
    m_LineSpacing: 1
  m_Text: 1/250
--- !u!222 &41336086
CanvasRenderer:
  m_ObjectHideFlags: 0
  m_PrefabParentObject: {fileID: 22273928, guid: f7aa52cd8aba85e48833af2b3340ae89,
    type: 2}
  m_PrefabInternal: {fileID: 145076106}
  m_GameObject: {fileID: 41336083}
--- !u!1 &64976692
GameObject:
  m_ObjectHideFlags: 0
  m_PrefabParentObject: {fileID: 173928, guid: f7aa52cd8aba85e48833af2b3340ae89, type: 2}
  m_PrefabInternal: {fileID: 145076106}
  serializedVersion: 4
  m_Component:
  - 224: {fileID: 64976693}
  - 222: {fileID: 64976695}
  - 114: {fileID: 64976694}
  m_Layer: 5
  m_Name: Image
  m_TagString: Untagged
  m_Icon: {fileID: 0}
  m_NavMeshLayer: 0
  m_StaticEditorFlags: 0
  m_IsActive: 1
--- !u!224 &64976693
RectTransform:
  m_ObjectHideFlags: 0
  m_PrefabParentObject: {fileID: 22473928, guid: f7aa52cd8aba85e48833af2b3340ae89,
    type: 2}
  m_PrefabInternal: {fileID: 145076106}
  m_GameObject: {fileID: 64976692}
  m_LocalRotation: {x: 0, y: 0, z: 0, w: 1}
  m_LocalPosition: {x: 0, y: 0, z: 0}
  m_LocalScale: {x: 1, y: 1, z: 1}
  m_Children: []
  m_Father: {fileID: 1123113102}
  m_RootOrder: 0
  m_AnchorMin: {x: 0.5, y: 0.5}
  m_AnchorMax: {x: 0.5, y: 0.5}
  m_AnchoredPosition: {x: 1.5, y: 93}
  m_SizeDelta: {x: 1539, y: 2287}
  m_Pivot: {x: 0.5, y: 0.5}
--- !u!114 &64976694
MonoBehaviour:
  m_ObjectHideFlags: 0
  m_PrefabParentObject: {fileID: 11473938, guid: f7aa52cd8aba85e48833af2b3340ae89,
    type: 2}
  m_PrefabInternal: {fileID: 145076106}
  m_GameObject: {fileID: 64976692}
  m_Enabled: 1
  m_EditorHideFlags: 0
  m_Script: {fileID: -765806418, guid: f5f67c52d1564df4a8936ccd202a3bd8, type: 3}
  m_Name: 
  m_EditorClassIdentifier: 
  m_Material: {fileID: 0}
  m_Color: {r: 1, g: 1, b: 1, a: 1}
  m_RaycastTarget: 1
  m_OnCullStateChanged:
    m_PersistentCalls:
      m_Calls: []
    m_TypeName: UnityEngine.UI.MaskableGraphic+CullStateChangedEvent, UnityEngine.UI,
      Version=1.0.0.0, Culture=neutral, PublicKeyToken=null
  m_Sprite: {fileID: 21300000, guid: 38e14546bbd0d8b44a7b209e178ed2d3, type: 3}
  m_Type: 0
  m_PreserveAspect: 0
  m_FillCenter: 1
  m_FillMethod: 4
  m_FillAmount: 1
  m_FillClockwise: 1
  m_FillOrigin: 0
--- !u!222 &64976695
CanvasRenderer:
  m_ObjectHideFlags: 0
  m_PrefabParentObject: {fileID: 22273926, guid: f7aa52cd8aba85e48833af2b3340ae89,
    type: 2}
  m_PrefabInternal: {fileID: 145076106}
  m_GameObject: {fileID: 64976692}
--- !u!1001 &145076106
Prefab:
  m_ObjectHideFlags: 0
  serializedVersion: 2
  m_Modification:
    m_TransformParent: {fileID: 0}
    m_Modifications:
    - target: {fileID: 22473906, guid: f7aa52cd8aba85e48833af2b3340ae89, type: 2}
      propertyPath: m_LocalPosition.x
      value: 0
      objectReference: {fileID: 0}
    - target: {fileID: 22473906, guid: f7aa52cd8aba85e48833af2b3340ae89, type: 2}
      propertyPath: m_LocalPosition.y
      value: 0
      objectReference: {fileID: 0}
    - target: {fileID: 22473906, guid: f7aa52cd8aba85e48833af2b3340ae89, type: 2}
      propertyPath: m_LocalPosition.z
      value: 0
      objectReference: {fileID: 0}
    - target: {fileID: 22473906, guid: f7aa52cd8aba85e48833af2b3340ae89, type: 2}
      propertyPath: m_LocalRotation.x
      value: 0
      objectReference: {fileID: 0}
    - target: {fileID: 22473906, guid: f7aa52cd8aba85e48833af2b3340ae89, type: 2}
      propertyPath: m_LocalRotation.y
      value: 0
      objectReference: {fileID: 0}
    - target: {fileID: 22473906, guid: f7aa52cd8aba85e48833af2b3340ae89, type: 2}
      propertyPath: m_LocalRotation.z
      value: 0
      objectReference: {fileID: 0}
    - target: {fileID: 22473906, guid: f7aa52cd8aba85e48833af2b3340ae89, type: 2}
      propertyPath: m_LocalRotation.w
      value: 1
      objectReference: {fileID: 0}
    - target: {fileID: 22473906, guid: f7aa52cd8aba85e48833af2b3340ae89, type: 2}
      propertyPath: m_RootOrder
      value: 0
      objectReference: {fileID: 0}
    - target: {fileID: 22473906, guid: f7aa52cd8aba85e48833af2b3340ae89, type: 2}
      propertyPath: m_AnchoredPosition.x
      value: 0
      objectReference: {fileID: 0}
    - target: {fileID: 22473906, guid: f7aa52cd8aba85e48833af2b3340ae89, type: 2}
      propertyPath: m_AnchoredPosition.y
      value: 0
      objectReference: {fileID: 0}
    - target: {fileID: 22473906, guid: f7aa52cd8aba85e48833af2b3340ae89, type: 2}
      propertyPath: m_SizeDelta.x
      value: 0
      objectReference: {fileID: 0}
    - target: {fileID: 22473906, guid: f7aa52cd8aba85e48833af2b3340ae89, type: 2}
      propertyPath: m_SizeDelta.y
      value: 0
      objectReference: {fileID: 0}
    - target: {fileID: 22473906, guid: f7aa52cd8aba85e48833af2b3340ae89, type: 2}
      propertyPath: m_AnchorMin.x
      value: 0
      objectReference: {fileID: 0}
    - target: {fileID: 22473906, guid: f7aa52cd8aba85e48833af2b3340ae89, type: 2}
      propertyPath: m_AnchorMin.y
      value: 0
      objectReference: {fileID: 0}
    - target: {fileID: 22473906, guid: f7aa52cd8aba85e48833af2b3340ae89, type: 2}
      propertyPath: m_AnchorMax.x
      value: 0
      objectReference: {fileID: 0}
    - target: {fileID: 22473906, guid: f7aa52cd8aba85e48833af2b3340ae89, type: 2}
      propertyPath: m_AnchorMax.y
      value: 0
      objectReference: {fileID: 0}
    - target: {fileID: 22473906, guid: f7aa52cd8aba85e48833af2b3340ae89, type: 2}
      propertyPath: m_Pivot.x
      value: 0
      objectReference: {fileID: 0}
    - target: {fileID: 22473906, guid: f7aa52cd8aba85e48833af2b3340ae89, type: 2}
      propertyPath: m_Pivot.y
      value: 0
      objectReference: {fileID: 0}
    m_RemovedComponents: []
  m_ParentPrefab: {fileID: 100100000, guid: f7aa52cd8aba85e48833af2b3340ae89, type: 2}
  m_RootGameObject: {fileID: 1781461272}
  m_IsPrefabParent: 0
--- !u!1 &323434367
GameObject:
  m_ObjectHideFlags: 0
  m_PrefabParentObject: {fileID: 173904, guid: f7aa52cd8aba85e48833af2b3340ae89, type: 2}
  m_PrefabInternal: {fileID: 145076106}
  serializedVersion: 4
  m_Component:
  - 224: {fileID: 323434368}
  - 222: {fileID: 323434370}
  - 114: {fileID: 323434369}
  m_Layer: 5
  m_Name: TopPanel
  m_TagString: Untagged
  m_Icon: {fileID: 0}
  m_NavMeshLayer: 0
  m_StaticEditorFlags: 0
  m_IsActive: 1
--- !u!224 &323434368
RectTransform:
  m_ObjectHideFlags: 0
  m_PrefabParentObject: {fileID: 22473904, guid: f7aa52cd8aba85e48833af2b3340ae89,
    type: 2}
  m_PrefabInternal: {fileID: 145076106}
  m_GameObject: {fileID: 323434367}
  m_LocalRotation: {x: 0, y: 0, z: 0, w: 1}
  m_LocalPosition: {x: 0, y: 0, z: 0}
  m_LocalScale: {x: 1, y: 1, z: 1}
  m_Children:
  - {fileID: 1197262595}
  - {fileID: 1064292355}
  - {fileID: 1285263994}
  - {fileID: 1160920994}
  m_Father: {fileID: 1123113102}
  m_RootOrder: 1
  m_AnchorMin: {x: 0.5, y: 0.5}
  m_AnchorMax: {x: 0.5, y: 0.5}
  m_AnchoredPosition: {x: 2, y: 964}
  m_SizeDelta: {x: 1539, y: 121}
  m_Pivot: {x: 0.5, y: 0.5}
--- !u!114 &323434369
MonoBehaviour:
  m_ObjectHideFlags: 0
  m_PrefabParentObject: {fileID: 11473908, guid: f7aa52cd8aba85e48833af2b3340ae89,
    type: 2}
  m_PrefabInternal: {fileID: 145076106}
  m_GameObject: {fileID: 323434367}
  m_Enabled: 1
  m_EditorHideFlags: 0
  m_Script: {fileID: -765806418, guid: f5f67c52d1564df4a8936ccd202a3bd8, type: 3}
  m_Name: 
  m_EditorClassIdentifier: 
  m_Material: {fileID: 0}
  m_Color: {r: 0.9632353, g: 0.9632353, b: 0.9632353, a: 0.7764706}
  m_RaycastTarget: 1
  m_OnCullStateChanged:
    m_PersistentCalls:
      m_Calls: []
    m_TypeName: UnityEngine.UI.MaskableGraphic+CullStateChangedEvent, UnityEngine.UI,
      Version=1.0.0.0, Culture=neutral, PublicKeyToken=null
  m_Sprite: {fileID: 21300000, guid: 7ed1238760b863f4aafde32ab3a6f28c, type: 3}
  m_Type: 1
  m_PreserveAspect: 0
  m_FillCenter: 1
  m_FillMethod: 4
  m_FillAmount: 1
  m_FillClockwise: 1
  m_FillOrigin: 0
--- !u!222 &323434370
CanvasRenderer:
  m_ObjectHideFlags: 0
  m_PrefabParentObject: {fileID: 22273904, guid: f7aa52cd8aba85e48833af2b3340ae89,
    type: 2}
  m_PrefabInternal: {fileID: 145076106}
  m_GameObject: {fileID: 323434367}
--- !u!1 &362279846
GameObject:
  m_ObjectHideFlags: 0
  m_PrefabParentObject: {fileID: 173916, guid: f7aa52cd8aba85e48833af2b3340ae89, type: 2}
  m_PrefabInternal: {fileID: 145076106}
  serializedVersion: 4
  m_Component:
  - 224: {fileID: 362279847}
  - 222: {fileID: 362279849}
  - 114: {fileID: 362279848}
  m_Layer: 5
  m_Name: Text
  m_TagString: Untagged
  m_Icon: {fileID: 0}
  m_NavMeshLayer: 0
  m_StaticEditorFlags: 0
  m_IsActive: 1
--- !u!224 &362279847
RectTransform:
  m_ObjectHideFlags: 0
  m_PrefabParentObject: {fileID: 22473916, guid: f7aa52cd8aba85e48833af2b3340ae89,
    type: 2}
  m_PrefabInternal: {fileID: 145076106}
  m_GameObject: {fileID: 362279846}
  m_LocalRotation: {x: 0, y: 0, z: 0, w: 1}
  m_LocalPosition: {x: 0, y: 0, z: 0}
  m_LocalScale: {x: 1, y: 1, z: 1}
  m_Children: []
  m_Father: {fileID: 1863514919}
  m_RootOrder: 2
  m_AnchorMin: {x: 0.5, y: 0.5}
  m_AnchorMax: {x: 0.5, y: 0.5}
  m_AnchoredPosition: {x: -142.7, y: 0}
  m_SizeDelta: {x: 34.9, y: 30}
  m_Pivot: {x: 0.5, y: 0.5}
--- !u!114 &362279848
MonoBehaviour:
  m_ObjectHideFlags: 0
  m_PrefabParentObject: {fileID: 11473922, guid: f7aa52cd8aba85e48833af2b3340ae89,
    type: 2}
  m_PrefabInternal: {fileID: 145076106}
  m_GameObject: {fileID: 362279846}
  m_Enabled: 1
  m_EditorHideFlags: 0
  m_Script: {fileID: 708705254, guid: f5f67c52d1564df4a8936ccd202a3bd8, type: 3}
  m_Name: 
  m_EditorClassIdentifier: 
  m_Material: {fileID: 0}
  m_Color: {r: 0.10980392, g: 0.10980392, b: 0.10980392, a: 0.627451}
  m_RaycastTarget: 1
  m_OnCullStateChanged:
    m_PersistentCalls:
      m_Calls: []
    m_TypeName: UnityEngine.UI.MaskableGraphic+CullStateChangedEvent, UnityEngine.UI,
      Version=1.0.0.0, Culture=neutral, PublicKeyToken=null
  m_FontData:
    m_Font: {fileID: 12800000, guid: 218956a5c2a6e42d6a60afccf80b002b, type: 3}
    m_FontSize: 20
    m_FontStyle: 0
    m_BestFit: 0
    m_MinSize: 10
    m_MaxSize: 40
    m_Alignment: 3
    m_AlignByGeometry: 0
    m_RichText: 1
    m_HorizontalOverflow: 0
    m_VerticalOverflow: 0
    m_LineSpacing: 1
  m_Text: HDR
--- !u!222 &362279849
CanvasRenderer:
  m_ObjectHideFlags: 0
  m_PrefabParentObject: {fileID: 22273914, guid: f7aa52cd8aba85e48833af2b3340ae89,
    type: 2}
  m_PrefabInternal: {fileID: 145076106}
  m_GameObject: {fileID: 362279846}
--- !u!1 &541870669
GameObject:
  m_ObjectHideFlags: 0
  m_PrefabParentObject: {fileID: 173932, guid: f7aa52cd8aba85e48833af2b3340ae89, type: 2}
  m_PrefabInternal: {fileID: 145076106}
  serializedVersion: 4
  m_Component:
  - 224: {fileID: 541870670}
  - 222: {fileID: 541870673}
  - 114: {fileID: 541870672}
  - 114: {fileID: 541870671}
  m_Layer: 5
  m_Name: Button
  m_TagString: Untagged
  m_Icon: {fileID: 0}
  m_NavMeshLayer: 0
  m_StaticEditorFlags: 0
  m_IsActive: 1
--- !u!224 &541870670
RectTransform:
  m_ObjectHideFlags: 0
  m_PrefabParentObject: {fileID: 22473932, guid: f7aa52cd8aba85e48833af2b3340ae89,
    type: 2}
  m_PrefabInternal: {fileID: 145076106}
  m_GameObject: {fileID: 541870669}
  m_LocalRotation: {x: 0, y: 0, z: 0, w: 1}
  m_LocalPosition: {x: 0, y: 0, z: 0}
  m_LocalScale: {x: 1, y: 1, z: 1}
  m_Children: []
  m_Father: {fileID: 1863514919}
  m_RootOrder: 5
  m_AnchorMin: {x: 0.5, y: 0.5}
  m_AnchorMax: {x: 0.5, y: 0.5}
  m_AnchoredPosition: {x: 283, y: 0}
  m_SizeDelta: {x: 21, y: 33.5}
  m_Pivot: {x: 0.5, y: 0.5}
--- !u!114 &541870671
MonoBehaviour:
  m_ObjectHideFlags: 0
  m_PrefabParentObject: {fileID: 11473942, guid: f7aa52cd8aba85e48833af2b3340ae89,
    type: 2}
  m_PrefabInternal: {fileID: 145076106}
  m_GameObject: {fileID: 541870669}
  m_Enabled: 1
  m_EditorHideFlags: 0
  m_Script: {fileID: 1392445389, guid: f5f67c52d1564df4a8936ccd202a3bd8, type: 3}
  m_Name: 
  m_EditorClassIdentifier: 
  m_Navigation:
    m_Mode: 3
    m_SelectOnUp: {fileID: 0}
    m_SelectOnDown: {fileID: 0}
    m_SelectOnLeft: {fileID: 0}
    m_SelectOnRight: {fileID: 0}
  m_Transition: 1
  m_Colors:
    m_NormalColor: {r: 1, g: 1, b: 1, a: 1}
    m_HighlightedColor: {r: 0.9607843, g: 0.9607843, b: 0.9607843, a: 1}
    m_PressedColor: {r: 0.78431374, g: 0.78431374, b: 0.78431374, a: 1}
    m_DisabledColor: {r: 0.78431374, g: 0.78431374, b: 0.78431374, a: 0.5019608}
    m_ColorMultiplier: 1
    m_FadeDuration: 0.1
  m_SpriteState:
    m_HighlightedSprite: {fileID: 0}
    m_PressedSprite: {fileID: 0}
    m_DisabledSprite: {fileID: 0}
  m_AnimationTriggers:
    m_NormalTrigger: Normal
    m_HighlightedTrigger: Highlighted
    m_PressedTrigger: Pressed
    m_DisabledTrigger: Disabled
  m_Interactable: 1
  m_TargetGraphic: {fileID: 541870672}
  m_OnClick:
    m_PersistentCalls:
      m_Calls: []
    m_TypeName: UnityEngine.UI.Button+ButtonClickedEvent, UnityEngine.UI, Version=1.0.0.0,
      Culture=neutral, PublicKeyToken=null
--- !u!114 &541870672
MonoBehaviour:
  m_ObjectHideFlags: 0
  m_PrefabParentObject: {fileID: 11473944, guid: f7aa52cd8aba85e48833af2b3340ae89,
    type: 2}
  m_PrefabInternal: {fileID: 145076106}
  m_GameObject: {fileID: 541870669}
  m_Enabled: 1
  m_EditorHideFlags: 0
  m_Script: {fileID: -765806418, guid: f5f67c52d1564df4a8936ccd202a3bd8, type: 3}
  m_Name: 
  m_EditorClassIdentifier: 
  m_Material: {fileID: 0}
  m_Color: {r: 0.18382353, g: 0.18382353, b: 0.18382353, a: 0.827451}
  m_RaycastTarget: 1
  m_OnCullStateChanged:
    m_PersistentCalls:
      m_Calls: []
    m_TypeName: UnityEngine.UI.MaskableGraphic+CullStateChangedEvent, UnityEngine.UI,
      Version=1.0.0.0, Culture=neutral, PublicKeyToken=null
  m_Sprite: {fileID: 21300000, guid: a9b452f1fd81142db932ced9b46be45e, type: 3}
  m_Type: 0
  m_PreserveAspect: 0
  m_FillCenter: 1
  m_FillMethod: 4
  m_FillAmount: 1
  m_FillClockwise: 1
  m_FillOrigin: 0
--- !u!222 &541870673
CanvasRenderer:
  m_ObjectHideFlags: 0
  m_PrefabParentObject: {fileID: 22273930, guid: f7aa52cd8aba85e48833af2b3340ae89,
    type: 2}
  m_PrefabInternal: {fileID: 145076106}
  m_GameObject: {fileID: 541870669}
--- !u!1 &618985299
GameObject:
  m_ObjectHideFlags: 0
  m_PrefabParentObject: {fileID: 173924, guid: f7aa52cd8aba85e48833af2b3340ae89, type: 2}
  m_PrefabInternal: {fileID: 145076106}
  serializedVersion: 4
  m_Component:
  - 224: {fileID: 618985300}
  - 222: {fileID: 618985302}
  - 114: {fileID: 618985301}
  m_Layer: 5
  m_Name: Icon
  m_TagString: Untagged
  m_Icon: {fileID: 0}
  m_NavMeshLayer: 0
  m_StaticEditorFlags: 0
  m_IsActive: 1
--- !u!224 &618985300
RectTransform:
  m_ObjectHideFlags: 0
  m_PrefabParentObject: {fileID: 22473924, guid: f7aa52cd8aba85e48833af2b3340ae89,
    type: 2}
  m_PrefabInternal: {fileID: 145076106}
  m_GameObject: {fileID: 618985299}
  m_LocalRotation: {x: 0, y: 0, z: 0, w: 1}
  m_LocalPosition: {x: 0, y: 0, z: 0}
  m_LocalScale: {x: 1, y: 1, z: 1}
  m_Children: []
  m_Father: {fileID: 970941671}
  m_RootOrder: 0
  m_AnchorMin: {x: 0.5, y: 0.5}
  m_AnchorMax: {x: 0.5, y: 0.5}
  m_AnchoredPosition: {x: 0, y: -0.00000035762787}
  m_SizeDelta: {x: 47, y: 36}
  m_Pivot: {x: 0.5, y: 0.5}
--- !u!114 &618985301
MonoBehaviour:
  m_ObjectHideFlags: 0
  m_PrefabParentObject: {fileID: 11473932, guid: f7aa52cd8aba85e48833af2b3340ae89,
    type: 2}
  m_PrefabInternal: {fileID: 145076106}
  m_GameObject: {fileID: 618985299}
  m_Enabled: 1
  m_EditorHideFlags: 0
  m_Script: {fileID: -765806418, guid: f5f67c52d1564df4a8936ccd202a3bd8, type: 3}
  m_Name: 
  m_EditorClassIdentifier: 
  m_Material: {fileID: 0}
  m_Color: {r: 1, g: 1, b: 1, a: 0.7372549}
  m_RaycastTarget: 1
  m_OnCullStateChanged:
    m_PersistentCalls:
      m_Calls: []
    m_TypeName: UnityEngine.UI.MaskableGraphic+CullStateChangedEvent, UnityEngine.UI,
      Version=1.0.0.0, Culture=neutral, PublicKeyToken=null
  m_Sprite: {fileID: 21300000, guid: 2222b18b0d78c429b86f29fc7a9be877, type: 3}
  m_Type: 0
  m_PreserveAspect: 0
  m_FillCenter: 1
  m_FillMethod: 4
  m_FillAmount: 1
  m_FillClockwise: 1
  m_FillOrigin: 0
--- !u!222 &618985302
CanvasRenderer:
  m_ObjectHideFlags: 0
  m_PrefabParentObject: {fileID: 22273922, guid: f7aa52cd8aba85e48833af2b3340ae89,
    type: 2}
  m_PrefabInternal: {fileID: 145076106}
  m_GameObject: {fileID: 618985299}
--- !u!1 &689717080
GameObject:
  m_ObjectHideFlags: 0
  m_PrefabParentObject: {fileID: 173902, guid: f7aa52cd8aba85e48833af2b3340ae89, type: 2}
  m_PrefabInternal: {fileID: 145076106}
  serializedVersion: 4
  m_Component:
  - 224: {fileID: 689717081}
  - 222: {fileID: 689717083}
  - 114: {fileID: 689717082}
  m_Layer: 5
  m_Name: Button
  m_TagString: Untagged
  m_Icon: {fileID: 0}
  m_NavMeshLayer: 0
  m_StaticEditorFlags: 0
  m_IsActive: 1
--- !u!224 &689717081
RectTransform:
  m_ObjectHideFlags: 0
  m_PrefabParentObject: {fileID: 22473902, guid: f7aa52cd8aba85e48833af2b3340ae89,
    type: 2}
  m_PrefabInternal: {fileID: 145076106}
  m_GameObject: {fileID: 689717080}
  m_LocalRotation: {x: 0, y: 0, z: 0, w: 1}
  m_LocalPosition: {x: 0, y: 0, z: 0}
  m_LocalScale: {x: 1, y: 1, z: 1}
  m_Children:
  - {fileID: 708909869}
  m_Father: {fileID: 1123113102}
  m_RootOrder: 4
  m_AnchorMin: {x: 0.5, y: 0.5}
  m_AnchorMax: {x: 0.5, y: 0.5}
  m_AnchoredPosition: {x: 512.99994, y: -931}
  m_SizeDelta: {x: 510, y: 186}
  m_Pivot: {x: 0.5, y: 0.5}
--- !u!114 &689717082
MonoBehaviour:
  m_ObjectHideFlags: 0
  m_PrefabParentObject: {fileID: 11473906, guid: f7aa52cd8aba85e48833af2b3340ae89,
    type: 2}
  m_PrefabInternal: {fileID: 145076106}
  m_GameObject: {fileID: 689717080}
  m_Enabled: 1
  m_EditorHideFlags: 0
  m_Script: {fileID: -765806418, guid: f5f67c52d1564df4a8936ccd202a3bd8, type: 3}
  m_Name: 
  m_EditorClassIdentifier: 
  m_Material: {fileID: 0}
  m_Color: {r: 0.1102941, g: 0.1102941, b: 0.1102941, a: 0.94509804}
  m_RaycastTarget: 1
  m_OnCullStateChanged:
    m_PersistentCalls:
      m_Calls: []
    m_TypeName: UnityEngine.UI.MaskableGraphic+CullStateChangedEvent, UnityEngine.UI,
      Version=1.0.0.0, Culture=neutral, PublicKeyToken=null
  m_Sprite: {fileID: 21300000, guid: 7ed1238760b863f4aafde32ab3a6f28c, type: 3}
  m_Type: 1
  m_PreserveAspect: 0
  m_FillCenter: 1
  m_FillMethod: 4
  m_FillAmount: 1
  m_FillClockwise: 1
  m_FillOrigin: 0
--- !u!222 &689717083
CanvasRenderer:
  m_ObjectHideFlags: 0
  m_PrefabParentObject: {fileID: 22273902, guid: f7aa52cd8aba85e48833af2b3340ae89,
    type: 2}
  m_PrefabInternal: {fileID: 145076106}
  m_GameObject: {fileID: 689717080}
--- !u!1 &708909868
GameObject:
  m_ObjectHideFlags: 0
  m_PrefabParentObject: {fileID: 173938, guid: f7aa52cd8aba85e48833af2b3340ae89, type: 2}
  m_PrefabInternal: {fileID: 145076106}
  serializedVersion: 4
  m_Component:
  - 224: {fileID: 708909869}
  - 222: {fileID: 708909871}
  - 114: {fileID: 708909870}
  m_Layer: 5
  m_Name: Icon
  m_TagString: Untagged
  m_Icon: {fileID: 0}
  m_NavMeshLayer: 0
  m_StaticEditorFlags: 0
  m_IsActive: 1
--- !u!224 &708909869
RectTransform:
  m_ObjectHideFlags: 0
  m_PrefabParentObject: {fileID: 22473938, guid: f7aa52cd8aba85e48833af2b3340ae89,
    type: 2}
  m_PrefabInternal: {fileID: 145076106}
  m_GameObject: {fileID: 708909868}
  m_LocalRotation: {x: 0, y: 0, z: 0, w: 1}
  m_LocalPosition: {x: 0, y: 0, z: 0}
  m_LocalScale: {x: 1, y: 1, z: 1}
  m_Children: []
  m_Father: {fileID: 689717081}
  m_RootOrder: 0
  m_AnchorMin: {x: 0.5, y: 0.5}
  m_AnchorMax: {x: 0.5, y: 0.5}
  m_AnchoredPosition: {x: 0, y: -0.00000035762787}
  m_SizeDelta: {x: 47, y: 43}
  m_Pivot: {x: 0.5, y: 0.5}
--- !u!114 &708909870
MonoBehaviour:
  m_ObjectHideFlags: 0
  m_PrefabParentObject: {fileID: 11473952, guid: f7aa52cd8aba85e48833af2b3340ae89,
    type: 2}
  m_PrefabInternal: {fileID: 145076106}
  m_GameObject: {fileID: 708909868}
  m_Enabled: 1
  m_EditorHideFlags: 0
  m_Script: {fileID: -765806418, guid: f5f67c52d1564df4a8936ccd202a3bd8, type: 3}
  m_Name: 
  m_EditorClassIdentifier: 
  m_Material: {fileID: 0}
  m_Color: {r: 1, g: 1, b: 1, a: 0.7372549}
  m_RaycastTarget: 1
  m_OnCullStateChanged:
    m_PersistentCalls:
      m_Calls: []
    m_TypeName: UnityEngine.UI.MaskableGraphic+CullStateChangedEvent, UnityEngine.UI,
      Version=1.0.0.0, Culture=neutral, PublicKeyToken=null
  m_Sprite: {fileID: 21300000, guid: 97f706a7ab09d4e0c9108cd271deb94b, type: 3}
  m_Type: 0
  m_PreserveAspect: 0
  m_FillCenter: 1
  m_FillMethod: 4
  m_FillAmount: 1
  m_FillClockwise: 1
  m_FillOrigin: 0
--- !u!222 &708909871
CanvasRenderer:
  m_ObjectHideFlags: 0
  m_PrefabParentObject: {fileID: 22273936, guid: f7aa52cd8aba85e48833af2b3340ae89,
    type: 2}
  m_PrefabInternal: {fileID: 145076106}
  m_GameObject: {fileID: 708909868}
--- !u!1 &970941670
GameObject:
  m_ObjectHideFlags: 0
  m_PrefabParentObject: {fileID: 173898, guid: f7aa52cd8aba85e48833af2b3340ae89, type: 2}
  m_PrefabInternal: {fileID: 145076106}
  serializedVersion: 4
  m_Component:
  - 224: {fileID: 970941671}
  - 222: {fileID: 970941674}
  - 114: {fileID: 970941673}
  - 114: {fileID: 970941672}
  m_Layer: 5
  m_Name: ButtonCamera
  m_TagString: Untagged
  m_Icon: {fileID: 0}
  m_NavMeshLayer: 0
  m_StaticEditorFlags: 0
  m_IsActive: 1
--- !u!224 &970941671
RectTransform:
  m_ObjectHideFlags: 0
  m_PrefabParentObject: {fileID: 22473898, guid: f7aa52cd8aba85e48833af2b3340ae89,
    type: 2}
  m_PrefabInternal: {fileID: 145076106}
  m_GameObject: {fileID: 970941670}
  m_LocalRotation: {x: 0, y: 0, z: 0, w: 1}
  m_LocalPosition: {x: 0, y: 0, z: 0}
  m_LocalScale: {x: 1, y: 1, z: 1}
  m_Children:
  - {fileID: 618985300}
  m_Father: {fileID: 1613066369}
  m_RootOrder: 0
  m_AnchorMin: {x: 0.5, y: 0.5}
  m_AnchorMax: {x: 0.5, y: 0.5}
  m_AnchoredPosition: {x: 0, y: 0.0000015497208}
  m_SizeDelta: {x: 96.9, y: 96.9}
  m_Pivot: {x: 0.5, y: 0.5}
--- !u!114 &970941672
MonoBehaviour:
  m_ObjectHideFlags: 0
  m_PrefabParentObject: {fileID: 11473898, guid: f7aa52cd8aba85e48833af2b3340ae89,
    type: 2}
  m_PrefabInternal: {fileID: 145076106}
  m_GameObject: {fileID: 970941670}
  m_Enabled: 1
  m_EditorHideFlags: 0
  m_Script: {fileID: 1392445389, guid: f5f67c52d1564df4a8936ccd202a3bd8, type: 3}
  m_Name: 
  m_EditorClassIdentifier: 
  m_Navigation:
    m_Mode: 3
    m_SelectOnUp: {fileID: 0}
    m_SelectOnDown: {fileID: 0}
    m_SelectOnLeft: {fileID: 0}
    m_SelectOnRight: {fileID: 0}
  m_Transition: 1
  m_Colors:
    m_NormalColor: {r: 1, g: 1, b: 1, a: 1}
    m_HighlightedColor: {r: 0.9607843, g: 0.9607843, b: 0.9607843, a: 1}
    m_PressedColor: {r: 0.78431374, g: 0.78431374, b: 0.78431374, a: 1}
    m_DisabledColor: {r: 0.78431374, g: 0.78431374, b: 0.78431374, a: 0.5019608}
    m_ColorMultiplier: 1
    m_FadeDuration: 0.1
  m_SpriteState:
    m_HighlightedSprite: {fileID: 0}
    m_PressedSprite: {fileID: 0}
    m_DisabledSprite: {fileID: 0}
  m_AnimationTriggers:
    m_NormalTrigger: Normal
    m_HighlightedTrigger: Highlighted
    m_PressedTrigger: Pressed
    m_DisabledTrigger: Disabled
  m_Interactable: 1
  m_TargetGraphic: {fileID: 970941673}
  m_OnClick:
    m_PersistentCalls:
      m_Calls: []
    m_TypeName: UnityEngine.UI.Button+ButtonClickedEvent, UnityEngine.UI, Version=1.0.0.0,
      Culture=neutral, PublicKeyToken=null
--- !u!114 &970941673
MonoBehaviour:
  m_ObjectHideFlags: 0
  m_PrefabParentObject: {fileID: 11473900, guid: f7aa52cd8aba85e48833af2b3340ae89,
    type: 2}
  m_PrefabInternal: {fileID: 145076106}
  m_GameObject: {fileID: 970941670}
  m_Enabled: 1
  m_EditorHideFlags: 0
  m_Script: {fileID: -765806418, guid: f5f67c52d1564df4a8936ccd202a3bd8, type: 3}
  m_Name: 
  m_EditorClassIdentifier: 
  m_Material: {fileID: 0}
  m_Color: {r: 1, g: 1, b: 1, a: 0.7372549}
  m_RaycastTarget: 1
  m_OnCullStateChanged:
    m_PersistentCalls:
      m_Calls: []
    m_TypeName: UnityEngine.UI.MaskableGraphic+CullStateChangedEvent, UnityEngine.UI,
      Version=1.0.0.0, Culture=neutral, PublicKeyToken=null
  m_Sprite: {fileID: 21300000, guid: 4a06b734c1424ef43acedc3bd3a99e50, type: 3}
  m_Type: 0
  m_PreserveAspect: 0
  m_FillCenter: 1
  m_FillMethod: 4
  m_FillAmount: 1
  m_FillClockwise: 1
  m_FillOrigin: 0
--- !u!222 &970941674
CanvasRenderer:
  m_ObjectHideFlags: 0
  m_PrefabParentObject: {fileID: 22273898, guid: f7aa52cd8aba85e48833af2b3340ae89,
    type: 2}
  m_PrefabInternal: {fileID: 145076106}
  m_GameObject: {fileID: 970941670}
--- !u!1 &1033062636
GameObject:
  m_ObjectHideFlags: 0
  m_PrefabParentObject: {fileID: 0}
  m_PrefabInternal: {fileID: 0}
  serializedVersion: 4
  m_Component:
  - 4: {fileID: 1033062637}
  m_Layer: 0
  m_Name: __REAL_PIXELS_1536x2048
  m_TagString: Untagged
  m_Icon: {fileID: 0}
  m_NavMeshLayer: 0
  m_StaticEditorFlags: 0
  m_IsActive: 1
--- !u!4 &1033062637
Transform:
  m_ObjectHideFlags: 0
  m_PrefabParentObject: {fileID: 0}
  m_PrefabInternal: {fileID: 0}
  m_GameObject: {fileID: 1033062636}
  m_LocalRotation: {x: 0, y: 0, z: 0, w: 1}
  m_LocalPosition: {x: 494.995, y: 627.74, z: 0}
  m_LocalScale: {x: 1, y: 1, z: 1}
  m_Children: []
  m_Father: {fileID: 0}
  m_RootOrder: 3
--- !u!1 &1064292354
GameObject:
  m_ObjectHideFlags: 0
  m_PrefabParentObject: {fileID: 173920, guid: f7aa52cd8aba85e48833af2b3340ae89, type: 2}
  m_PrefabInternal: {fileID: 145076106}
  serializedVersion: 4
  m_Component:
  - 224: {fileID: 1064292355}
  - 222: {fileID: 1064292357}
  - 114: {fileID: 1064292356}
  m_Layer: 5
  m_Name: Text
  m_TagString: Untagged
  m_Icon: {fileID: 0}
  m_NavMeshLayer: 0
  m_StaticEditorFlags: 0
  m_IsActive: 1
--- !u!224 &1064292355
RectTransform:
  m_ObjectHideFlags: 0
  m_PrefabParentObject: {fileID: 22473920, guid: f7aa52cd8aba85e48833af2b3340ae89,
    type: 2}
  m_PrefabInternal: {fileID: 145076106}
  m_GameObject: {fileID: 1064292354}
  m_LocalRotation: {x: 0, y: 0, z: 0, w: 1}
  m_LocalPosition: {x: 0, y: 0, z: 0}
  m_LocalScale: {x: 1, y: 1, z: 1}
  m_Children: []
  m_Father: {fileID: 323434368}
  m_RootOrder: 1
  m_AnchorMin: {x: 0.5, y: 0.5}
  m_AnchorMax: {x: 0.5, y: 0.5}
  m_AnchoredPosition: {x: -243, y: 0}
  m_SizeDelta: {x: 32, y: 30}
  m_Pivot: {x: 0.5, y: 0.5}
--- !u!114 &1064292356
MonoBehaviour:
  m_ObjectHideFlags: 0
  m_PrefabParentObject: {fileID: 11473926, guid: f7aa52cd8aba85e48833af2b3340ae89,
    type: 2}
  m_PrefabInternal: {fileID: 145076106}
  m_GameObject: {fileID: 1064292354}
  m_Enabled: 1
  m_EditorHideFlags: 0
  m_Script: {fileID: 708705254, guid: f5f67c52d1564df4a8936ccd202a3bd8, type: 3}
  m_Name: 
  m_EditorClassIdentifier: 
  m_Material: {fileID: 0}
  m_Color: {r: 0.18382353, g: 0.18382353, b: 0.18382353, a: 0.827451}
  m_RaycastTarget: 1
  m_OnCullStateChanged:
    m_PersistentCalls:
      m_Calls: []
    m_TypeName: UnityEngine.UI.MaskableGraphic+CullStateChangedEvent, UnityEngine.UI,
      Version=1.0.0.0, Culture=neutral, PublicKeyToken=null
  m_FontData:
    m_Font: {fileID: 12800000, guid: 218956a5c2a6e42d6a60afccf80b002b, type: 3}
    m_FontSize: 20
    m_FontStyle: 0
    m_BestFit: 0
    m_MinSize: 10
    m_MaxSize: 40
    m_Alignment: 3
    m_AlignByGeometry: 0
    m_RichText: 1
    m_HorizontalOverflow: 0
    m_VerticalOverflow: 0
    m_LineSpacing: 1
  m_Text: Off
--- !u!222 &1064292357
CanvasRenderer:
  m_ObjectHideFlags: 0
  m_PrefabParentObject: {fileID: 22273918, guid: f7aa52cd8aba85e48833af2b3340ae89,
    type: 2}
  m_PrefabInternal: {fileID: 145076106}
  m_GameObject: {fileID: 1064292354}
--- !u!1 &1123113101
GameObject:
  m_ObjectHideFlags: 0
  m_PrefabParentObject: {fileID: 173922, guid: f7aa52cd8aba85e48833af2b3340ae89, type: 2}
  m_PrefabInternal: {fileID: 145076106}
  serializedVersion: 4
  m_Component:
  - 224: {fileID: 1123113102}
  - 222: {fileID: 1123113105}
  - 114: {fileID: 1123113104}
  - 114: {fileID: 1123113103}
  m_Layer: 5
  m_Name: Panel
  m_TagString: Untagged
  m_Icon: {fileID: 0}
  m_NavMeshLayer: 0
  m_StaticEditorFlags: 0
  m_IsActive: 1
--- !u!224 &1123113102
RectTransform:
  m_ObjectHideFlags: 0
  m_PrefabParentObject: {fileID: 22473922, guid: f7aa52cd8aba85e48833af2b3340ae89,
    type: 2}
  m_PrefabInternal: {fileID: 145076106}
  m_GameObject: {fileID: 1123113101}
  m_LocalRotation: {x: 0, y: 0, z: 0, w: 1}
  m_LocalPosition: {x: 0, y: 0, z: 0}
  m_LocalScale: {x: 1, y: 1, z: 1}
  m_Children:
  - {fileID: 64976693}
  - {fileID: 323434368}
  - {fileID: 1863514919}
  - {fileID: 1806075594}
  - {fileID: 689717081}
  - {fileID: 1613066369}
  - {fileID: 1688584546}
  m_Father: {fileID: 1781461276}
  m_RootOrder: 1
  m_AnchorMin: {x: 0.5, y: 0.5}
  m_AnchorMax: {x: 0.5, y: 0.5}
  m_AnchoredPosition: {x: 0, y: 0}
  m_SizeDelta: {x: 1536, y: 2048}
  m_Pivot: {x: 0.5, y: 0.5}
--- !u!114 &1123113103
MonoBehaviour:
  m_ObjectHideFlags: 0
  m_PrefabParentObject: {fileID: 11473928, guid: f7aa52cd8aba85e48833af2b3340ae89,
    type: 2}
  m_PrefabInternal: {fileID: 145076106}
  m_GameObject: {fileID: 1123113101}
  m_Enabled: 1
  m_EditorHideFlags: 0
  m_Script: {fileID: -1200242548, guid: f5f67c52d1564df4a8936ccd202a3bd8, type: 3}
  m_Name: 
  m_EditorClassIdentifier: 
  m_ShowMaskGraphic: 1
--- !u!114 &1123113104
MonoBehaviour:
  m_ObjectHideFlags: 0
  m_PrefabParentObject: {fileID: 11473930, guid: f7aa52cd8aba85e48833af2b3340ae89,
    type: 2}
  m_PrefabInternal: {fileID: 145076106}
  m_GameObject: {fileID: 1123113101}
  m_Enabled: 1
  m_EditorHideFlags: 0
  m_Script: {fileID: -765806418, guid: f5f67c52d1564df4a8936ccd202a3bd8, type: 3}
  m_Name: 
  m_EditorClassIdentifier: 
  m_Material: {fileID: 0}
  m_Color: {r: 0.12156863, g: 0.12156863, b: 0.12156863, a: 1}
  m_RaycastTarget: 1
  m_OnCullStateChanged:
    m_PersistentCalls:
      m_Calls: []
    m_TypeName: UnityEngine.UI.MaskableGraphic+CullStateChangedEvent, UnityEngine.UI,
      Version=1.0.0.0, Culture=neutral, PublicKeyToken=null
  m_Sprite: {fileID: 21300000, guid: 7ed1238760b863f4aafde32ab3a6f28c, type: 3}
  m_Type: 1
  m_PreserveAspect: 0
  m_FillCenter: 1
  m_FillMethod: 4
  m_FillAmount: 1
  m_FillClockwise: 1
  m_FillOrigin: 0
--- !u!222 &1123113105
CanvasRenderer:
  m_ObjectHideFlags: 0
  m_PrefabParentObject: {fileID: 22273920, guid: f7aa52cd8aba85e48833af2b3340ae89,
    type: 2}
  m_PrefabInternal: {fileID: 145076106}
  m_GameObject: {fileID: 1123113101}
--- !u!1 &1160920993
GameObject:
  m_ObjectHideFlags: 0
  m_PrefabParentObject: {fileID: 173940, guid: f7aa52cd8aba85e48833af2b3340ae89, type: 2}
  m_PrefabInternal: {fileID: 145076106}
  serializedVersion: 4
  m_Component:
  - 224: {fileID: 1160920994}
  - 222: {fileID: 1160920997}
  - 114: {fileID: 1160920996}
  - 114: {fileID: 1160920995}
  m_Layer: 5
  m_Name: Button
  m_TagString: Untagged
  m_Icon: {fileID: 0}
  m_NavMeshLayer: 0
  m_StaticEditorFlags: 0
  m_IsActive: 1
--- !u!224 &1160920994
RectTransform:
  m_ObjectHideFlags: 0
  m_PrefabParentObject: {fileID: 22473940, guid: f7aa52cd8aba85e48833af2b3340ae89,
    type: 2}
  m_PrefabInternal: {fileID: 145076106}
  m_GameObject: {fileID: 1160920993}
  m_LocalRotation: {x: 0, y: 0, z: 0, w: 1}
  m_LocalPosition: {x: 0, y: 0, z: 0}
  m_LocalScale: {x: 1, y: 1, z: 1}
  m_Children: []
  m_Father: {fileID: 323434368}
  m_RootOrder: 3
  m_AnchorMin: {x: 0.5, y: 0.5}
  m_AnchorMax: {x: 0.5, y: 0.5}
  m_AnchoredPosition: {x: 0, y: 0}
  m_SizeDelta: {x: 35.4, y: 35.4}
  m_Pivot: {x: 0.5, y: 0.5}
--- !u!114 &1160920995
MonoBehaviour:
  m_ObjectHideFlags: 0
  m_PrefabParentObject: {fileID: 11473954, guid: f7aa52cd8aba85e48833af2b3340ae89,
    type: 2}
  m_PrefabInternal: {fileID: 145076106}
  m_GameObject: {fileID: 1160920993}
  m_Enabled: 1
  m_EditorHideFlags: 0
  m_Script: {fileID: 1392445389, guid: f5f67c52d1564df4a8936ccd202a3bd8, type: 3}
  m_Name: 
  m_EditorClassIdentifier: 
  m_Navigation:
    m_Mode: 3
    m_SelectOnUp: {fileID: 0}
    m_SelectOnDown: {fileID: 0}
    m_SelectOnLeft: {fileID: 0}
    m_SelectOnRight: {fileID: 0}
  m_Transition: 1
  m_Colors:
    m_NormalColor: {r: 1, g: 1, b: 1, a: 1}
    m_HighlightedColor: {r: 0.9607843, g: 0.9607843, b: 0.9607843, a: 1}
    m_PressedColor: {r: 0.78431374, g: 0.78431374, b: 0.78431374, a: 1}
    m_DisabledColor: {r: 0.78431374, g: 0.78431374, b: 0.78431374, a: 0.5019608}
    m_ColorMultiplier: 1
    m_FadeDuration: 0.1
  m_SpriteState:
    m_HighlightedSprite: {fileID: 0}
    m_PressedSprite: {fileID: 0}
    m_DisabledSprite: {fileID: 0}
  m_AnimationTriggers:
    m_NormalTrigger: Normal
    m_HighlightedTrigger: Highlighted
    m_PressedTrigger: Pressed
    m_DisabledTrigger: Disabled
  m_Interactable: 1
  m_TargetGraphic: {fileID: 1160920996}
  m_OnClick:
    m_PersistentCalls:
      m_Calls: []
    m_TypeName: UnityEngine.UI.Button+ButtonClickedEvent, UnityEngine.UI, Version=1.0.0.0,
      Culture=neutral, PublicKeyToken=null
--- !u!114 &1160920996
MonoBehaviour:
  m_ObjectHideFlags: 0
  m_PrefabParentObject: {fileID: 11473956, guid: f7aa52cd8aba85e48833af2b3340ae89,
    type: 2}
  m_PrefabInternal: {fileID: 145076106}
  m_GameObject: {fileID: 1160920993}
  m_Enabled: 1
  m_EditorHideFlags: 0
  m_Script: {fileID: -765806418, guid: f5f67c52d1564df4a8936ccd202a3bd8, type: 3}
  m_Name: 
  m_EditorClassIdentifier: 
  m_Material: {fileID: 0}
  m_Color: {r: 0.18382353, g: 0.18382353, b: 0.18382353, a: 0.827451}
  m_RaycastTarget: 1
  m_OnCullStateChanged:
    m_PersistentCalls:
      m_Calls: []
    m_TypeName: UnityEngine.UI.MaskableGraphic+CullStateChangedEvent, UnityEngine.UI,
      Version=1.0.0.0, Culture=neutral, PublicKeyToken=null
  m_Sprite: {fileID: 21300000, guid: 048f2aeaa99de46f19396a5574dfe330, type: 3}
  m_Type: 0
  m_PreserveAspect: 0
  m_FillCenter: 1
  m_FillMethod: 4
  m_FillAmount: 1
  m_FillClockwise: 1
  m_FillOrigin: 0
--- !u!222 &1160920997
CanvasRenderer:
  m_ObjectHideFlags: 0
  m_PrefabParentObject: {fileID: 22273938, guid: f7aa52cd8aba85e48833af2b3340ae89,
    type: 2}
  m_PrefabInternal: {fileID: 145076106}
  m_GameObject: {fileID: 1160920993}
--- !u!1 &1197262594
GameObject:
  m_ObjectHideFlags: 0
  m_PrefabParentObject: {fileID: 173942, guid: f7aa52cd8aba85e48833af2b3340ae89, type: 2}
  m_PrefabInternal: {fileID: 145076106}
  serializedVersion: 4
  m_Component:
  - 224: {fileID: 1197262595}
  - 222: {fileID: 1197262598}
  - 114: {fileID: 1197262597}
  - 114: {fileID: 1197262596}
  m_Layer: 5
  m_Name: Button
  m_TagString: Untagged
  m_Icon: {fileID: 0}
  m_NavMeshLayer: 0
  m_StaticEditorFlags: 0
  m_IsActive: 1
--- !u!224 &1197262595
RectTransform:
  m_ObjectHideFlags: 0
  m_PrefabParentObject: {fileID: 22473942, guid: f7aa52cd8aba85e48833af2b3340ae89,
    type: 2}
  m_PrefabInternal: {fileID: 145076106}
  m_GameObject: {fileID: 1197262594}
  m_LocalRotation: {x: 0, y: 0, z: 0, w: 1}
  m_LocalPosition: {x: 0, y: 0, z: 0}
  m_LocalScale: {x: 1, y: 1, z: 1}
  m_Children: []
  m_Father: {fileID: 323434368}
  m_RootOrder: 0
  m_AnchorMin: {x: 0.5, y: 0.5}
  m_AnchorMax: {x: 0.5, y: 0.5}
  m_AnchoredPosition: {x: -280.1, y: 0}
  m_SizeDelta: {x: 26.8, y: 47.7}
  m_Pivot: {x: 0.5, y: 0.5}
--- !u!114 &1197262596
MonoBehaviour:
  m_ObjectHideFlags: 0
  m_PrefabParentObject: {fileID: 11473958, guid: f7aa52cd8aba85e48833af2b3340ae89,
    type: 2}
  m_PrefabInternal: {fileID: 145076106}
  m_GameObject: {fileID: 1197262594}
  m_Enabled: 1
  m_EditorHideFlags: 0
  m_Script: {fileID: 1392445389, guid: f5f67c52d1564df4a8936ccd202a3bd8, type: 3}
  m_Name: 
  m_EditorClassIdentifier: 
  m_Navigation:
    m_Mode: 3
    m_SelectOnUp: {fileID: 0}
    m_SelectOnDown: {fileID: 0}
    m_SelectOnLeft: {fileID: 0}
    m_SelectOnRight: {fileID: 0}
  m_Transition: 1
  m_Colors:
    m_NormalColor: {r: 1, g: 1, b: 1, a: 1}
    m_HighlightedColor: {r: 0.9607843, g: 0.9607843, b: 0.9607843, a: 1}
    m_PressedColor: {r: 0.78431374, g: 0.78431374, b: 0.78431374, a: 1}
    m_DisabledColor: {r: 0.78431374, g: 0.78431374, b: 0.78431374, a: 0.5019608}
    m_ColorMultiplier: 1
    m_FadeDuration: 0.1
  m_SpriteState:
    m_HighlightedSprite: {fileID: 0}
    m_PressedSprite: {fileID: 0}
    m_DisabledSprite: {fileID: 0}
  m_AnimationTriggers:
    m_NormalTrigger: Normal
    m_HighlightedTrigger: Highlighted
    m_PressedTrigger: Pressed
    m_DisabledTrigger: Disabled
  m_Interactable: 1
  m_TargetGraphic: {fileID: 1197262597}
  m_OnClick:
    m_PersistentCalls:
      m_Calls: []
    m_TypeName: UnityEngine.UI.Button+ButtonClickedEvent, UnityEngine.UI, Version=1.0.0.0,
      Culture=neutral, PublicKeyToken=null
--- !u!114 &1197262597
MonoBehaviour:
  m_ObjectHideFlags: 0
  m_PrefabParentObject: {fileID: 11473960, guid: f7aa52cd8aba85e48833af2b3340ae89,
    type: 2}
  m_PrefabInternal: {fileID: 145076106}
  m_GameObject: {fileID: 1197262594}
  m_Enabled: 1
  m_EditorHideFlags: 0
  m_Script: {fileID: -765806418, guid: f5f67c52d1564df4a8936ccd202a3bd8, type: 3}
  m_Name: 
  m_EditorClassIdentifier: 
  m_Material: {fileID: 0}
  m_Color: {r: 0.18382353, g: 0.18382353, b: 0.18382353, a: 0.827451}
  m_RaycastTarget: 1
  m_OnCullStateChanged:
    m_PersistentCalls:
      m_Calls: []
    m_TypeName: UnityEngine.UI.MaskableGraphic+CullStateChangedEvent, UnityEngine.UI,
      Version=1.0.0.0, Culture=neutral, PublicKeyToken=null
  m_Sprite: {fileID: 21300000, guid: 808ccd6b57b92481eb8234406b711bd1, type: 3}
  m_Type: 0
  m_PreserveAspect: 0
  m_FillCenter: 1
  m_FillMethod: 4
  m_FillAmount: 1
  m_FillClockwise: 1
  m_FillOrigin: 0
--- !u!222 &1197262598
CanvasRenderer:
  m_ObjectHideFlags: 0
  m_PrefabParentObject: {fileID: 22273940, guid: f7aa52cd8aba85e48833af2b3340ae89,
    type: 2}
  m_PrefabInternal: {fileID: 145076106}
  m_GameObject: {fileID: 1197262594}
--- !u!1 &1231211728
GameObject:
  m_ObjectHideFlags: 0
  m_PrefabParentObject: {fileID: 173896, guid: f7aa52cd8aba85e48833af2b3340ae89, type: 2}
  m_PrefabInternal: {fileID: 145076106}
  serializedVersion: 4
  m_Component:
  - 224: {fileID: 1231211729}
  - 222: {fileID: 1231211731}
  - 114: {fileID: 1231211730}
  m_Layer: 5
  m_Name: AppTitle
  m_TagString: Untagged
  m_Icon: {fileID: 0}
  m_NavMeshLayer: 0
  m_StaticEditorFlags: 0
  m_IsActive: 1
--- !u!224 &1231211729
RectTransform:
  m_ObjectHideFlags: 0
  m_PrefabParentObject: {fileID: 22473896, guid: f7aa52cd8aba85e48833af2b3340ae89,
    type: 2}
  m_PrefabInternal: {fileID: 145076106}
  m_GameObject: {fileID: 1231211728}
  m_LocalRotation: {x: 0, y: 0, z: 0, w: 1}
  m_LocalPosition: {x: 0, y: 0, z: 0}
  m_LocalScale: {x: 1, y: 1, z: 1}
  m_Children:
  - {fileID: 1664414471}
  m_Father: {fileID: 1781461276}
  m_RootOrder: 0
  m_AnchorMin: {x: 0.5, y: 0.5}
  m_AnchorMax: {x: 0.5, y: 0.5}
  m_AnchoredPosition: {x: -384, y: 1147}
  m_SizeDelta: {x: 768, y: 109}
  m_Pivot: {x: 0.5, y: 0.5}
--- !u!114 &1231211730
MonoBehaviour:
  m_ObjectHideFlags: 0
  m_PrefabParentObject: {fileID: 11473896, guid: f7aa52cd8aba85e48833af2b3340ae89,
    type: 2}
  m_PrefabInternal: {fileID: 145076106}
  m_GameObject: {fileID: 1231211728}
  m_Enabled: 1
  m_EditorHideFlags: 0
  m_Script: {fileID: 708705254, guid: f5f67c52d1564df4a8936ccd202a3bd8, type: 3}
  m_Name: 
  m_EditorClassIdentifier: 
  m_Material: {fileID: 0}
  m_Color: {r: 0.85490197, g: 0.85490197, b: 0.85490197, a: 1}
  m_RaycastTarget: 1
  m_OnCullStateChanged:
    m_PersistentCalls:
      m_Calls: []
    m_TypeName: UnityEngine.UI.MaskableGraphic+CullStateChangedEvent, UnityEngine.UI,
      Version=1.0.0.0, Culture=neutral, PublicKeyToken=null
  m_FontData:
    m_Font: {fileID: 12800000, guid: 218956a5c2a6e42d6a60afccf80b002b, type: 3}
    m_FontSize: 102
    m_FontStyle: 0
    m_BestFit: 0
    m_MinSize: 10
    m_MaxSize: 102
    m_Alignment: 0
    m_AlignByGeometry: 0
    m_RichText: 1
    m_HorizontalOverflow: 0
    m_VerticalOverflow: 1
    m_LineSpacing: 1
  m_Text: CAMERA
--- !u!222 &1231211731
CanvasRenderer:
  m_ObjectHideFlags: 0
  m_PrefabParentObject: {fileID: 22273896, guid: f7aa52cd8aba85e48833af2b3340ae89,
    type: 2}
  m_PrefabInternal: {fileID: 145076106}
  m_GameObject: {fileID: 1231211728}
--- !u!1 &1255711994
GameObject:
  m_ObjectHideFlags: 0
  m_PrefabParentObject: {fileID: 173908, guid: f7aa52cd8aba85e48833af2b3340ae89, type: 2}
  m_PrefabInternal: {fileID: 145076106}
  serializedVersion: 4
  m_Component:
  - 224: {fileID: 1255711995}
  - 222: {fileID: 1255711997}
  - 114: {fileID: 1255711996}
  m_Layer: 5
  m_Name: Text
  m_TagString: Untagged
  m_Icon: {fileID: 0}
  m_NavMeshLayer: 0
  m_StaticEditorFlags: 0
  m_IsActive: 1
--- !u!224 &1255711995
RectTransform:
  m_ObjectHideFlags: 0
  m_PrefabParentObject: {fileID: 22473908, guid: f7aa52cd8aba85e48833af2b3340ae89,
    type: 2}
  m_PrefabInternal: {fileID: 145076106}
  m_GameObject: {fileID: 1255711994}
  m_LocalRotation: {x: 0, y: 0, z: 0, w: 1}
  m_LocalPosition: {x: 0, y: 0, z: 0}
  m_LocalScale: {x: 1, y: 1, z: 1}
  m_Children: []
  m_Father: {fileID: 1863514919}
  m_RootOrder: 3
  m_AnchorMin: {x: 0.5, y: 0.5}
  m_AnchorMax: {x: 0.5, y: 0.5}
  m_AnchoredPosition: {x: 0.000022172928, y: -0.9399419}
  m_SizeDelta: {x: 63, y: 30}
  m_Pivot: {x: 0.5, y: 0.5}
--- !u!114 &1255711996
MonoBehaviour:
  m_ObjectHideFlags: 0
  m_PrefabParentObject: {fileID: 11473914, guid: f7aa52cd8aba85e48833af2b3340ae89,
    type: 2}
  m_PrefabInternal: {fileID: 145076106}
  m_GameObject: {fileID: 1255711994}
  m_Enabled: 1
  m_EditorHideFlags: 0
  m_Script: {fileID: 708705254, guid: f5f67c52d1564df4a8936ccd202a3bd8, type: 3}
  m_Name: 
  m_EditorClassIdentifier: 
  m_Material: {fileID: 0}
  m_Color: {r: 0.03676468, g: 0.03676468, b: 0.03676468, a: 0.827451}
  m_RaycastTarget: 1
  m_OnCullStateChanged:
    m_PersistentCalls:
      m_Calls: []
    m_TypeName: UnityEngine.UI.MaskableGraphic+CullStateChangedEvent, UnityEngine.UI,
      Version=1.0.0.0, Culture=neutral, PublicKeyToken=null
  m_FontData:
    m_Font: {fileID: 12800000, guid: 218956a5c2a6e42d6a60afccf80b002b, type: 3}
    m_FontSize: 20
    m_FontStyle: 0
    m_BestFit: 0
    m_MinSize: 10
    m_MaxSize: 40
    m_Alignment: 4
    m_AlignByGeometry: 0
    m_RichText: 1
    m_HorizontalOverflow: 0
    m_VerticalOverflow: 0
    m_LineSpacing: 1
  m_Text: ISO 600
--- !u!222 &1255711997
CanvasRenderer:
  m_ObjectHideFlags: 0
  m_PrefabParentObject: {fileID: 22273906, guid: f7aa52cd8aba85e48833af2b3340ae89,
    type: 2}
  m_PrefabInternal: {fileID: 145076106}
  m_GameObject: {fileID: 1255711994}
--- !u!1 &1285263993
GameObject:
  m_ObjectHideFlags: 0
  m_PrefabParentObject: {fileID: 173926, guid: f7aa52cd8aba85e48833af2b3340ae89, type: 2}
  m_PrefabInternal: {fileID: 145076106}
  serializedVersion: 4
  m_Component:
  - 224: {fileID: 1285263994}
  - 222: {fileID: 1285263997}
  - 114: {fileID: 1285263996}
  - 114: {fileID: 1285263995}
  m_Layer: 5
  m_Name: Button
  m_TagString: Untagged
  m_Icon: {fileID: 0}
  m_NavMeshLayer: 0
  m_StaticEditorFlags: 0
  m_IsActive: 1
--- !u!224 &1285263994
RectTransform:
  m_ObjectHideFlags: 0
  m_PrefabParentObject: {fileID: 22473926, guid: f7aa52cd8aba85e48833af2b3340ae89,
    type: 2}
  m_PrefabInternal: {fileID: 145076106}
  m_GameObject: {fileID: 1285263993}
  m_LocalRotation: {x: 0, y: 0, z: 0, w: 1}
  m_LocalPosition: {x: 0, y: 0, z: 0}
  m_LocalScale: {x: 1, y: 1, z: 1}
  m_Children: []
  m_Father: {fileID: 323434368}
  m_RootOrder: 2
  m_AnchorMin: {x: 0.5, y: 0.5}
  m_AnchorMax: {x: 0.5, y: 0.5}
  m_AnchoredPosition: {x: 273.6, y: 0.0000007748604}
  m_SizeDelta: {x: 40, y: 34.012}
  m_Pivot: {x: 0.5, y: 0.5}
--- !u!114 &1285263995
MonoBehaviour:
  m_ObjectHideFlags: 0
  m_PrefabParentObject: {fileID: 11473934, guid: f7aa52cd8aba85e48833af2b3340ae89,
    type: 2}
  m_PrefabInternal: {fileID: 145076106}
  m_GameObject: {fileID: 1285263993}
  m_Enabled: 1
  m_EditorHideFlags: 0
  m_Script: {fileID: 1392445389, guid: f5f67c52d1564df4a8936ccd202a3bd8, type: 3}
  m_Name: 
  m_EditorClassIdentifier: 
  m_Navigation:
    m_Mode: 3
    m_SelectOnUp: {fileID: 0}
    m_SelectOnDown: {fileID: 0}
    m_SelectOnLeft: {fileID: 0}
    m_SelectOnRight: {fileID: 0}
  m_Transition: 1
  m_Colors:
    m_NormalColor: {r: 1, g: 1, b: 1, a: 1}
    m_HighlightedColor: {r: 0.9607843, g: 0.9607843, b: 0.9607843, a: 1}
    m_PressedColor: {r: 0.78431374, g: 0.78431374, b: 0.78431374, a: 1}
    m_DisabledColor: {r: 0.78431374, g: 0.78431374, b: 0.78431374, a: 0.5019608}
    m_ColorMultiplier: 1
    m_FadeDuration: 0.1
  m_SpriteState:
    m_HighlightedSprite: {fileID: 0}
    m_PressedSprite: {fileID: 0}
    m_DisabledSprite: {fileID: 0}
  m_AnimationTriggers:
    m_NormalTrigger: Normal
    m_HighlightedTrigger: Highlighted
    m_PressedTrigger: Pressed
    m_DisabledTrigger: Disabled
  m_Interactable: 1
  m_TargetGraphic: {fileID: 1285263996}
  m_OnClick:
    m_PersistentCalls:
      m_Calls: []
    m_TypeName: UnityEngine.UI.Button+ButtonClickedEvent, UnityEngine.UI, Version=1.0.0.0,
      Culture=neutral, PublicKeyToken=null
--- !u!114 &1285263996
MonoBehaviour:
  m_ObjectHideFlags: 0
  m_PrefabParentObject: {fileID: 11473936, guid: f7aa52cd8aba85e48833af2b3340ae89,
    type: 2}
  m_PrefabInternal: {fileID: 145076106}
  m_GameObject: {fileID: 1285263993}
  m_Enabled: 1
  m_EditorHideFlags: 0
  m_Script: {fileID: -765806418, guid: f5f67c52d1564df4a8936ccd202a3bd8, type: 3}
  m_Name: 
  m_EditorClassIdentifier: 
  m_Material: {fileID: 0}
  m_Color: {r: 0.18382353, g: 0.18382353, b: 0.18382353, a: 0.827451}
  m_RaycastTarget: 1
  m_OnCullStateChanged:
    m_PersistentCalls:
      m_Calls: []
    m_TypeName: UnityEngine.UI.MaskableGraphic+CullStateChangedEvent, UnityEngine.UI,
      Version=1.0.0.0, Culture=neutral, PublicKeyToken=null
  m_Sprite: {fileID: 21300000, guid: 8fa6c013eb48a4ee1a581ae0c6921a3a, type: 3}
  m_Type: 0
  m_PreserveAspect: 0
  m_FillCenter: 1
  m_FillMethod: 4
  m_FillAmount: 1
  m_FillClockwise: 1
  m_FillOrigin: 0
--- !u!222 &1285263997
CanvasRenderer:
  m_ObjectHideFlags: 0
  m_PrefabParentObject: {fileID: 22273924, guid: f7aa52cd8aba85e48833af2b3340ae89,
    type: 2}
  m_PrefabInternal: {fileID: 145076106}
  m_GameObject: {fileID: 1285263993}
--- !u!1 &1464589691
GameObject:
  m_ObjectHideFlags: 0
  m_PrefabParentObject: {fileID: 173910, guid: f7aa52cd8aba85e48833af2b3340ae89, type: 2}
  m_PrefabInternal: {fileID: 145076106}
  serializedVersion: 4
  m_Component:
  - 224: {fileID: 1464589692}
  - 222: {fileID: 1464589694}
  - 114: {fileID: 1464589693}
  m_Layer: 5
  m_Name: Text
  m_TagString: Untagged
  m_Icon: {fileID: 0}
  m_NavMeshLayer: 0
  m_StaticEditorFlags: 0
  m_IsActive: 1
--- !u!224 &1464589692
RectTransform:
  m_ObjectHideFlags: 0
  m_PrefabParentObject: {fileID: 22473910, guid: f7aa52cd8aba85e48833af2b3340ae89,
    type: 2}
  m_PrefabInternal: {fileID: 145076106}
  m_GameObject: {fileID: 1464589691}
  m_LocalRotation: {x: 0, y: 0, z: 0, w: 1}
  m_LocalPosition: {x: 0, y: 0, z: 0}
  m_LocalScale: {x: 1, y: 1, z: 1}
  m_Children: []
  m_Father: {fileID: 1863514919}
  m_RootOrder: 1
  m_AnchorMin: {x: 0.5, y: 0.5}
  m_AnchorMax: {x: 0.5, y: 0.5}
  m_AnchoredPosition: {x: -247, y: 0}
  m_SizeDelta: {x: 23.6, y: 30}
  m_Pivot: {x: 0.5, y: 0.5}
--- !u!114 &1464589693
MonoBehaviour:
  m_ObjectHideFlags: 0
  m_PrefabParentObject: {fileID: 11473916, guid: f7aa52cd8aba85e48833af2b3340ae89,
    type: 2}
  m_PrefabInternal: {fileID: 145076106}
  m_GameObject: {fileID: 1464589691}
  m_Enabled: 1
  m_EditorHideFlags: 0
  m_Script: {fileID: 708705254, guid: f5f67c52d1564df4a8936ccd202a3bd8, type: 3}
  m_Name: 
  m_EditorClassIdentifier: 
  m_Material: {fileID: 0}
  m_Color: {r: 0.051470578, g: 0.051470578, b: 0.051470578, a: 0.827451}
  m_RaycastTarget: 1
  m_OnCullStateChanged:
    m_PersistentCalls:
      m_Calls: []
    m_TypeName: UnityEngine.UI.MaskableGraphic+CullStateChangedEvent, UnityEngine.UI,
      Version=1.0.0.0, Culture=neutral, PublicKeyToken=null
  m_FontData:
    m_Font: {fileID: 12800000, guid: 218956a5c2a6e42d6a60afccf80b002b, type: 3}
    m_FontSize: 20
    m_FontStyle: 0
    m_BestFit: 0
    m_MinSize: 10
    m_MaxSize: 40
    m_Alignment: 3
    m_AlignByGeometry: 0
    m_RichText: 1
    m_HorizontalOverflow: 0
    m_VerticalOverflow: 0
    m_LineSpacing: 1
  m_Text: 3s
--- !u!222 &1464589694
CanvasRenderer:
  m_ObjectHideFlags: 0
  m_PrefabParentObject: {fileID: 22273908, guid: f7aa52cd8aba85e48833af2b3340ae89,
    type: 2}
  m_PrefabInternal: {fileID: 145076106}
  m_GameObject: {fileID: 1464589691}
--- !u!1 &1500371475
GameObject:
  m_ObjectHideFlags: 0
  m_PrefabParentObject: {fileID: 0}
  m_PrefabInternal: {fileID: 0}
  serializedVersion: 4
  m_Component:
  - 4: {fileID: 1500371479}
  - 114: {fileID: 1500371478}
  - 114: {fileID: 1500371477}
  - 114: {fileID: 1500371476}
  m_Layer: 0
  m_Name: EventSystem
  m_TagString: Untagged
  m_Icon: {fileID: 0}
  m_NavMeshLayer: 0
  m_StaticEditorFlags: 0
  m_IsActive: 1
--- !u!114 &1500371476
MonoBehaviour:
  m_ObjectHideFlags: 0
  m_PrefabParentObject: {fileID: 0}
  m_PrefabInternal: {fileID: 0}
  m_GameObject: {fileID: 1500371475}
  m_Enabled: 1
  m_EditorHideFlags: 0
  m_Script: {fileID: 1997211142, guid: f5f67c52d1564df4a8936ccd202a3bd8, type: 3}
  m_Name: 
  m_EditorClassIdentifier: 
  m_ForceModuleActive: 0
--- !u!114 &1500371477
MonoBehaviour:
  m_ObjectHideFlags: 0
  m_PrefabParentObject: {fileID: 0}
  m_PrefabInternal: {fileID: 0}
  m_GameObject: {fileID: 1500371475}
  m_Enabled: 1
  m_EditorHideFlags: 0
  m_Script: {fileID: 1077351063, guid: f5f67c52d1564df4a8936ccd202a3bd8, type: 3}
  m_Name: 
  m_EditorClassIdentifier: 
  m_HorizontalAxis: Horizontal
  m_VerticalAxis: Vertical
  m_SubmitButton: Submit
  m_CancelButton: Cancel
  m_InputActionsPerSecond: 10
  m_RepeatDelay: 0.5
  m_ForceModuleActive: 0
--- !u!114 &1500371478
MonoBehaviour:
  m_ObjectHideFlags: 0
  m_PrefabParentObject: {fileID: 0}
  m_PrefabInternal: {fileID: 0}
  m_GameObject: {fileID: 1500371475}
  m_Enabled: 1
  m_EditorHideFlags: 0
  m_Script: {fileID: -619905303, guid: f5f67c52d1564df4a8936ccd202a3bd8, type: 3}
  m_Name: 
  m_EditorClassIdentifier: 
  m_FirstSelected: {fileID: 0}
  m_sendNavigationEvents: 1
  m_DragThreshold: 5
--- !u!4 &1500371479
Transform:
  m_ObjectHideFlags: 0
  m_PrefabParentObject: {fileID: 0}
  m_PrefabInternal: {fileID: 0}
  m_GameObject: {fileID: 1500371475}
  m_LocalRotation: {x: 0, y: 0, z: 0, w: 1}
  m_LocalPosition: {x: 0, y: 0, z: 0}
  m_LocalScale: {x: 1, y: 1, z: 1}
  m_Children: []
  m_Father: {fileID: 0}
  m_RootOrder: 1
--- !u!1 &1511305452
GameObject:
  m_ObjectHideFlags: 0
  m_PrefabParentObject: {fileID: 0}
  m_PrefabInternal: {fileID: 0}
  serializedVersion: 4
  m_Component:
  - 4: {fileID: 1511305453}
  m_Layer: 0
  m_Name: __SET_YOUR_GAMESCREEN_TO_768x1024
  m_TagString: Untagged
  m_Icon: {fileID: 0}
  m_NavMeshLayer: 0
  m_StaticEditorFlags: 0
  m_IsActive: 1
--- !u!4 &1511305453
Transform:
  m_ObjectHideFlags: 0
  m_PrefabParentObject: {fileID: 0}
  m_PrefabInternal: {fileID: 0}
  m_GameObject: {fileID: 1511305452}
  m_LocalRotation: {x: 0, y: 0, z: 0, w: 1}
  m_LocalPosition: {x: 494.995, y: 627.74, z: 0}
  m_LocalScale: {x: 1, y: 1, z: 1}
  m_Children: []
  m_Father: {fileID: 0}
  m_RootOrder: 2
--- !u!1 &1600178301
GameObject:
  m_ObjectHideFlags: 0
  m_PrefabParentObject: {fileID: 173912, guid: f7aa52cd8aba85e48833af2b3340ae89, type: 2}
  m_PrefabInternal: {fileID: 145076106}
  serializedVersion: 4
  m_Component:
  - 224: {fileID: 1600178302}
  - 222: {fileID: 1600178304}
  - 114: {fileID: 1600178303}
  m_Layer: 5
  m_Name: Icon
  m_TagString: Untagged
  m_Icon: {fileID: 0}
  m_NavMeshLayer: 0
  m_StaticEditorFlags: 0
  m_IsActive: 1
--- !u!224 &1600178302
RectTransform:
  m_ObjectHideFlags: 0
  m_PrefabParentObject: {fileID: 22473912, guid: f7aa52cd8aba85e48833af2b3340ae89,
    type: 2}
  m_PrefabInternal: {fileID: 145076106}
  m_GameObject: {fileID: 1600178301}
  m_LocalRotation: {x: 0, y: 0, z: 0, w: 1}
  m_LocalPosition: {x: 0, y: 0, z: 0}
  m_LocalScale: {x: 1, y: 1, z: 1}
  m_Children: []
  m_Father: {fileID: 1688584546}
  m_RootOrder: 0
  m_AnchorMin: {x: 0.5, y: 0.5}
  m_AnchorMax: {x: 0.5, y: 0.5}
  m_AnchoredPosition: {x: 0, y: -0.00000035762787}
  m_SizeDelta: {x: 47, y: 37}
  m_Pivot: {x: 0.5, y: 0.5}
--- !u!114 &1600178303
MonoBehaviour:
  m_ObjectHideFlags: 0
  m_PrefabParentObject: {fileID: 11473918, guid: f7aa52cd8aba85e48833af2b3340ae89,
    type: 2}
  m_PrefabInternal: {fileID: 145076106}
  m_GameObject: {fileID: 1600178301}
  m_Enabled: 1
  m_EditorHideFlags: 0
  m_Script: {fileID: -765806418, guid: f5f67c52d1564df4a8936ccd202a3bd8, type: 3}
  m_Name: 
  m_EditorClassIdentifier: 
  m_Material: {fileID: 0}
  m_Color: {r: 1, g: 1, b: 1, a: 0.7372549}
  m_RaycastTarget: 1
  m_OnCullStateChanged:
    m_PersistentCalls:
      m_Calls: []
    m_TypeName: UnityEngine.UI.MaskableGraphic+CullStateChangedEvent, UnityEngine.UI,
      Version=1.0.0.0, Culture=neutral, PublicKeyToken=null
  m_Sprite: {fileID: 21300000, guid: 0f41e1b09cbd84f3da1b51c88ec120ee, type: 3}
  m_Type: 0
  m_PreserveAspect: 0
  m_FillCenter: 1
  m_FillMethod: 4
  m_FillAmount: 1
  m_FillClockwise: 1
  m_FillOrigin: 0
--- !u!222 &1600178304
CanvasRenderer:
  m_ObjectHideFlags: 0
  m_PrefabParentObject: {fileID: 22273910, guid: f7aa52cd8aba85e48833af2b3340ae89,
    type: 2}
  m_PrefabInternal: {fileID: 145076106}
  m_GameObject: {fileID: 1600178301}
--- !u!1 &1613066368
GameObject:
  m_ObjectHideFlags: 0
  m_PrefabParentObject: {fileID: 173944, guid: f7aa52cd8aba85e48833af2b3340ae89, type: 2}
  m_PrefabInternal: {fileID: 145076106}
  serializedVersion: 4
  m_Component:
  - 224: {fileID: 1613066369}
  - 222: {fileID: 1613066371}
  - 114: {fileID: 1613066370}
  m_Layer: 5
  m_Name: Button
  m_TagString: Untagged
  m_Icon: {fileID: 0}
  m_NavMeshLayer: 0
  m_StaticEditorFlags: 0
  m_IsActive: 1
--- !u!224 &1613066369
RectTransform:
  m_ObjectHideFlags: 0
  m_PrefabParentObject: {fileID: 22473944, guid: f7aa52cd8aba85e48833af2b3340ae89,
    type: 2}
  m_PrefabInternal: {fileID: 145076106}
  m_GameObject: {fileID: 1613066368}
  m_LocalRotation: {x: 0, y: 0, z: 0, w: 1}
  m_LocalPosition: {x: 0, y: 0, z: 0}
  m_LocalScale: {x: 1, y: 1, z: 1}
  m_Children:
  - {fileID: 970941671}
  m_Father: {fileID: 1123113102}
  m_RootOrder: 5
  m_AnchorMin: {x: 0.5, y: 0.5}
  m_AnchorMax: {x: 0.5, y: 0.5}
  m_AnchoredPosition: {x: 2, y: -931}
  m_SizeDelta: {x: 512, y: 186}
  m_Pivot: {x: 0.5, y: 0.5}
--- !u!114 &1613066370
MonoBehaviour:
  m_ObjectHideFlags: 0
  m_PrefabParentObject: {fileID: 11473962, guid: f7aa52cd8aba85e48833af2b3340ae89,
    type: 2}
  m_PrefabInternal: {fileID: 145076106}
  m_GameObject: {fileID: 1613066368}
  m_Enabled: 1
  m_EditorHideFlags: 0
  m_Script: {fileID: -765806418, guid: f5f67c52d1564df4a8936ccd202a3bd8, type: 3}
  m_Name: 
  m_EditorClassIdentifier: 
  m_Material: {fileID: 0}
  m_Color: {r: 0.1102941, g: 0.1102941, b: 0.1102941, a: 0.94509804}
  m_RaycastTarget: 1
  m_OnCullStateChanged:
    m_PersistentCalls:
      m_Calls: []
    m_TypeName: UnityEngine.UI.MaskableGraphic+CullStateChangedEvent, UnityEngine.UI,
      Version=1.0.0.0, Culture=neutral, PublicKeyToken=null
  m_Sprite: {fileID: 21300000, guid: 7ed1238760b863f4aafde32ab3a6f28c, type: 3}
  m_Type: 1
  m_PreserveAspect: 0
  m_FillCenter: 1
  m_FillMethod: 4
  m_FillAmount: 1
  m_FillClockwise: 1
  m_FillOrigin: 0
--- !u!222 &1613066371
CanvasRenderer:
  m_ObjectHideFlags: 0
  m_PrefabParentObject: {fileID: 22273942, guid: f7aa52cd8aba85e48833af2b3340ae89,
    type: 2}
  m_PrefabInternal: {fileID: 145076106}
  m_GameObject: {fileID: 1613066368}
--- !u!1 &1617063076
GameObject:
  m_ObjectHideFlags: 0
  m_PrefabParentObject: {fileID: 173936, guid: f7aa52cd8aba85e48833af2b3340ae89, type: 2}
  m_PrefabInternal: {fileID: 145076106}
  serializedVersion: 4
  m_Component:
  - 224: {fileID: 1617063077}
  - 222: {fileID: 1617063080}
  - 114: {fileID: 1617063079}
  - 114: {fileID: 1617063078}
  m_Layer: 5
  m_Name: Button
  m_TagString: Untagged
  m_Icon: {fileID: 0}
  m_NavMeshLayer: 0
  m_StaticEditorFlags: 0
  m_IsActive: 1
--- !u!224 &1617063077
RectTransform:
  m_ObjectHideFlags: 0
  m_PrefabParentObject: {fileID: 22473936, guid: f7aa52cd8aba85e48833af2b3340ae89,
    type: 2}
  m_PrefabInternal: {fileID: 145076106}
  m_GameObject: {fileID: 1617063076}
  m_LocalRotation: {x: 0, y: 0, z: 0, w: 1}
  m_LocalPosition: {x: 0, y: 0, z: 0}
  m_LocalScale: {x: 1, y: 1, z: 1}
  m_Children: []
  m_Father: {fileID: 1863514919}
  m_RootOrder: 0
  m_AnchorMin: {x: 0.5, y: 0.5}
  m_AnchorMax: {x: 0.5, y: 0.5}
  m_AnchoredPosition: {x: -292, y: 0}
  m_SizeDelta: {x: 41, y: 40.758}
  m_Pivot: {x: 0.5, y: 0.5}
--- !u!114 &1617063078
MonoBehaviour:
  m_ObjectHideFlags: 0
  m_PrefabParentObject: {fileID: 11473948, guid: f7aa52cd8aba85e48833af2b3340ae89,
    type: 2}
  m_PrefabInternal: {fileID: 145076106}
  m_GameObject: {fileID: 1617063076}
  m_Enabled: 1
  m_EditorHideFlags: 0
  m_Script: {fileID: 1392445389, guid: f5f67c52d1564df4a8936ccd202a3bd8, type: 3}
  m_Name: 
  m_EditorClassIdentifier: 
  m_Navigation:
    m_Mode: 3
    m_SelectOnUp: {fileID: 0}
    m_SelectOnDown: {fileID: 0}
    m_SelectOnLeft: {fileID: 0}
    m_SelectOnRight: {fileID: 0}
  m_Transition: 1
  m_Colors:
    m_NormalColor: {r: 1, g: 1, b: 1, a: 1}
    m_HighlightedColor: {r: 0.9607843, g: 0.9607843, b: 0.9607843, a: 1}
    m_PressedColor: {r: 0.78431374, g: 0.78431374, b: 0.78431374, a: 1}
    m_DisabledColor: {r: 0.78431374, g: 0.78431374, b: 0.78431374, a: 0.5019608}
    m_ColorMultiplier: 1
    m_FadeDuration: 0.1
  m_SpriteState:
    m_HighlightedSprite: {fileID: 0}
    m_PressedSprite: {fileID: 0}
    m_DisabledSprite: {fileID: 0}
  m_AnimationTriggers:
    m_NormalTrigger: Normal
    m_HighlightedTrigger: Highlighted
    m_PressedTrigger: Pressed
    m_DisabledTrigger: Disabled
  m_Interactable: 1
  m_TargetGraphic: {fileID: 1617063079}
  m_OnClick:
    m_PersistentCalls:
      m_Calls: []
    m_TypeName: UnityEngine.UI.Button+ButtonClickedEvent, UnityEngine.UI, Version=1.0.0.0,
      Culture=neutral, PublicKeyToken=null
--- !u!114 &1617063079
MonoBehaviour:
  m_ObjectHideFlags: 0
  m_PrefabParentObject: {fileID: 11473950, guid: f7aa52cd8aba85e48833af2b3340ae89,
    type: 2}
  m_PrefabInternal: {fileID: 145076106}
  m_GameObject: {fileID: 1617063076}
  m_Enabled: 1
  m_EditorHideFlags: 0
  m_Script: {fileID: -765806418, guid: f5f67c52d1564df4a8936ccd202a3bd8, type: 3}
  m_Name: 
  m_EditorClassIdentifier: 
  m_Material: {fileID: 0}
  m_Color: {r: 0.18382353, g: 0.18382353, b: 0.18382353, a: 0.827451}
  m_RaycastTarget: 1
  m_OnCullStateChanged:
    m_PersistentCalls:
      m_Calls: []
    m_TypeName: UnityEngine.UI.MaskableGraphic+CullStateChangedEvent, UnityEngine.UI,
      Version=1.0.0.0, Culture=neutral, PublicKeyToken=null
  m_Sprite: {fileID: 21300000, guid: c0d1effa50cad4f13ad7f132fe903904, type: 3}
  m_Type: 0
  m_PreserveAspect: 0
  m_FillCenter: 1
  m_FillMethod: 4
  m_FillAmount: 1
  m_FillClockwise: 1
  m_FillOrigin: 0
--- !u!222 &1617063080
CanvasRenderer:
  m_ObjectHideFlags: 0
  m_PrefabParentObject: {fileID: 22273934, guid: f7aa52cd8aba85e48833af2b3340ae89,
    type: 2}
  m_PrefabInternal: {fileID: 145076106}
  m_GameObject: {fileID: 1617063076}
--- !u!1 &1664414470
GameObject:
  m_ObjectHideFlags: 0
  m_PrefabParentObject: {fileID: 173918, guid: f7aa52cd8aba85e48833af2b3340ae89, type: 2}
  m_PrefabInternal: {fileID: 145076106}
  serializedVersion: 4
  m_Component:
  - 224: {fileID: 1664414471}
  - 222: {fileID: 1664414473}
  - 114: {fileID: 1664414472}
  m_Layer: 5
  m_Name: AppTitle
  m_TagString: Untagged
  m_Icon: {fileID: 0}
  m_NavMeshLayer: 0
  m_StaticEditorFlags: 0
  m_IsActive: 1
--- !u!224 &1664414471
RectTransform:
  m_ObjectHideFlags: 0
  m_PrefabParentObject: {fileID: 22473918, guid: f7aa52cd8aba85e48833af2b3340ae89,
    type: 2}
  m_PrefabInternal: {fileID: 145076106}
  m_GameObject: {fileID: 1664414470}
  m_LocalRotation: {x: 0, y: 0, z: 0, w: 1}
  m_LocalPosition: {x: 0, y: 0, z: 0}
  m_LocalScale: {x: 1, y: 1, z: 1}
  m_Children: []
  m_Father: {fileID: 1231211729}
  m_RootOrder: 0
  m_AnchorMin: {x: 0.5, y: 0.5}
  m_AnchorMax: {x: 0.5, y: 0.5}
  m_AnchoredPosition: {x: -36.5, y: -88}
  m_SizeDelta: {x: 695, y: 67}
  m_Pivot: {x: 0.5, y: 0.5}
--- !u!114 &1664414472
MonoBehaviour:
  m_ObjectHideFlags: 0
  m_PrefabParentObject: {fileID: 11473924, guid: f7aa52cd8aba85e48833af2b3340ae89,
    type: 2}
  m_PrefabInternal: {fileID: 145076106}
  m_GameObject: {fileID: 1664414470}
  m_Enabled: 1
  m_EditorHideFlags: 0
  m_Script: {fileID: 708705254, guid: f5f67c52d1564df4a8936ccd202a3bd8, type: 3}
  m_Name: 
  m_EditorClassIdentifier: 
  m_Material: {fileID: 0}
  m_Color: {r: 0.85490197, g: 0.85490197, b: 0.85490197, a: 1}
  m_RaycastTarget: 1
  m_OnCullStateChanged:
    m_PersistentCalls:
      m_Calls: []
    m_TypeName: UnityEngine.UI.MaskableGraphic+CullStateChangedEvent, UnityEngine.UI,
      Version=1.0.0.0, Culture=neutral, PublicKeyToken=null
  m_FontData:
    m_Font: {fileID: 12800000, guid: 218956a5c2a6e42d6a60afccf80b002b, type: 3}
    m_FontSize: 40
    m_FontStyle: 0
    m_BestFit: 0
    m_MinSize: 10
    m_MaxSize: 40
    m_Alignment: 0
    m_AlignByGeometry: 0
    m_RichText: 1
    m_HorizontalOverflow: 0
    m_VerticalOverflow: 1
    m_LineSpacing: 1
  m_Text: APP SAMPLE TABLET
--- !u!222 &1664414473
CanvasRenderer:
  m_ObjectHideFlags: 0
  m_PrefabParentObject: {fileID: 22273916, guid: f7aa52cd8aba85e48833af2b3340ae89,
    type: 2}
  m_PrefabInternal: {fileID: 145076106}
  m_GameObject: {fileID: 1664414470}
--- !u!1 &1688584545
GameObject:
  m_ObjectHideFlags: 0
  m_PrefabParentObject: {fileID: 173914, guid: f7aa52cd8aba85e48833af2b3340ae89, type: 2}
  m_PrefabInternal: {fileID: 145076106}
  serializedVersion: 4
  m_Component:
  - 224: {fileID: 1688584546}
  - 222: {fileID: 1688584548}
  - 114: {fileID: 1688584547}
  m_Layer: 5
  m_Name: Button
  m_TagString: Untagged
  m_Icon: {fileID: 0}
  m_NavMeshLayer: 0
  m_StaticEditorFlags: 0
  m_IsActive: 1
--- !u!224 &1688584546
RectTransform:
  m_ObjectHideFlags: 0
  m_PrefabParentObject: {fileID: 22473914, guid: f7aa52cd8aba85e48833af2b3340ae89,
    type: 2}
  m_PrefabInternal: {fileID: 145076106}
  m_GameObject: {fileID: 1688584545}
  m_LocalRotation: {x: 0, y: 0, z: 0, w: 1}
  m_LocalPosition: {x: 0, y: 0, z: 0}
  m_LocalScale: {x: 1, y: 1, z: 1}
  m_Children:
  - {fileID: 1600178302}
  m_Father: {fileID: 1123113102}
  m_RootOrder: 6
  m_AnchorMin: {x: 0.5, y: 0.5}
  m_AnchorMax: {x: 0.5, y: 0.5}
  m_AnchoredPosition: {x: -510.75, y: -931}
  m_SizeDelta: {x: 513.5, y: 186}
  m_Pivot: {x: 0.5, y: 0.5}
--- !u!114 &1688584547
MonoBehaviour:
  m_ObjectHideFlags: 0
  m_PrefabParentObject: {fileID: 11473920, guid: f7aa52cd8aba85e48833af2b3340ae89,
    type: 2}
  m_PrefabInternal: {fileID: 145076106}
  m_GameObject: {fileID: 1688584545}
  m_Enabled: 1
  m_EditorHideFlags: 0
  m_Script: {fileID: -765806418, guid: f5f67c52d1564df4a8936ccd202a3bd8, type: 3}
  m_Name: 
  m_EditorClassIdentifier: 
  m_Material: {fileID: 0}
  m_Color: {r: 0.1102941, g: 0.1102941, b: 0.1102941, a: 0.94509804}
  m_RaycastTarget: 1
  m_OnCullStateChanged:
    m_PersistentCalls:
      m_Calls: []
    m_TypeName: UnityEngine.UI.MaskableGraphic+CullStateChangedEvent, UnityEngine.UI,
      Version=1.0.0.0, Culture=neutral, PublicKeyToken=null
  m_Sprite: {fileID: 21300000, guid: 7ed1238760b863f4aafde32ab3a6f28c, type: 3}
  m_Type: 1
  m_PreserveAspect: 0
  m_FillCenter: 1
  m_FillMethod: 4
  m_FillAmount: 1
  m_FillClockwise: 1
  m_FillOrigin: 0
--- !u!222 &1688584548
CanvasRenderer:
  m_ObjectHideFlags: 0
  m_PrefabParentObject: {fileID: 22273912, guid: f7aa52cd8aba85e48833af2b3340ae89,
    type: 2}
  m_PrefabInternal: {fileID: 145076106}
  m_GameObject: {fileID: 1688584545}
--- !u!1 &1781461272
GameObject:
  m_ObjectHideFlags: 0
  m_PrefabParentObject: {fileID: 173906, guid: f7aa52cd8aba85e48833af2b3340ae89, type: 2}
  m_PrefabInternal: {fileID: 145076106}
  serializedVersion: 4
  m_Component:
  - 224: {fileID: 1781461276}
  - 223: {fileID: 1781461275}
  - 114: {fileID: 1781461274}
  - 114: {fileID: 1781461273}
  m_Layer: 5
  m_Name: Camera
  m_TagString: Untagged
  m_Icon: {fileID: 0}
  m_NavMeshLayer: 0
  m_StaticEditorFlags: 0
  m_IsActive: 1
--- !u!114 &1781461273
MonoBehaviour:
  m_ObjectHideFlags: 0
  m_PrefabParentObject: {fileID: 11473910, guid: f7aa52cd8aba85e48833af2b3340ae89,
    type: 2}
  m_PrefabInternal: {fileID: 145076106}
  m_GameObject: {fileID: 1781461272}
  m_Enabled: 1
  m_EditorHideFlags: 0
  m_Script: {fileID: 1301386320, guid: f5f67c52d1564df4a8936ccd202a3bd8, type: 3}
  m_Name: 
  m_EditorClassIdentifier: 
  m_IgnoreReversedGraphics: 1
  m_BlockingObjects: 0
  m_BlockingMask:
    serializedVersion: 2
    m_Bits: 4294967295
--- !u!114 &1781461274
MonoBehaviour:
  m_ObjectHideFlags: 0
  m_PrefabParentObject: {fileID: 11473912, guid: f7aa52cd8aba85e48833af2b3340ae89,
    type: 2}
  m_PrefabInternal: {fileID: 145076106}
  m_GameObject: {fileID: 1781461272}
  m_Enabled: 1
  m_EditorHideFlags: 0
  m_Script: {fileID: 1980459831, guid: f5f67c52d1564df4a8936ccd202a3bd8, type: 3}
  m_Name: 
  m_EditorClassIdentifier: 
  m_UiScaleMode: 1
  m_ReferencePixelsPerUnit: 100
  m_ScaleFactor: 1
  m_ReferenceResolution: {x: 1536, y: 2048}
  m_ScreenMatchMode: 0
  m_MatchWidthOrHeight: 1
  m_PhysicalUnit: 3
  m_FallbackScreenDPI: 96
  m_DefaultSpriteDPI: 96
  m_DynamicPixelsPerUnit: 1
--- !u!223 &1781461275
Canvas:
  m_ObjectHideFlags: 0
  m_PrefabParentObject: {fileID: 22373896, guid: f7aa52cd8aba85e48833af2b3340ae89,
    type: 2}
  m_PrefabInternal: {fileID: 145076106}
  m_GameObject: {fileID: 1781461272}
  m_Enabled: 1
  serializedVersion: 2
  m_RenderMode: 0
  m_Camera: {fileID: 0}
  m_PlaneDistance: 100
  m_PixelPerfect: 1
  m_ReceivesEvents: 1
  m_OverrideSorting: 0
  m_OverridePixelPerfect: 0
  m_SortingLayerID: 0
  m_SortingOrder: 0
  m_TargetDisplay: 0
--- !u!224 &1781461276
RectTransform:
  m_ObjectHideFlags: 0
  m_PrefabParentObject: {fileID: 22473906, guid: f7aa52cd8aba85e48833af2b3340ae89,
    type: 2}
  m_PrefabInternal: {fileID: 145076106}
  m_GameObject: {fileID: 1781461272}
  m_LocalRotation: {x: 0, y: 0, z: 0, w: 1}
  m_LocalPosition: {x: 0, y: 0, z: 0}
  m_LocalScale: {x: 0, y: 0, z: 0}
  m_Children:
  - {fileID: 1231211729}
  - {fileID: 1123113102}
  m_Father: {fileID: 0}
  m_RootOrder: 0
  m_AnchorMin: {x: 0, y: 0}
  m_AnchorMax: {x: 0, y: 0}
  m_AnchoredPosition: {x: 0, y: 0}
  m_SizeDelta: {x: 0, y: 0}
  m_Pivot: {x: 0, y: 0}
--- !u!1 &1806075593
GameObject:
  m_ObjectHideFlags: 0
  m_PrefabParentObject: {fileID: 173900, guid: f7aa52cd8aba85e48833af2b3340ae89, type: 2}
  m_PrefabInternal: {fileID: 145076106}
  serializedVersion: 4
  m_Component:
  - 224: {fileID: 1806075594}
  - 222: {fileID: 1806075597}
  - 114: {fileID: 1806075596}
  - 114: {fileID: 1806075595}
  m_Layer: 5
  m_Name: FocusOverlay
  m_TagString: Untagged
  m_Icon: {fileID: 0}
  m_NavMeshLayer: 0
  m_StaticEditorFlags: 0
  m_IsActive: 1
--- !u!224 &1806075594
RectTransform:
  m_ObjectHideFlags: 0
  m_PrefabParentObject: {fileID: 22473900, guid: f7aa52cd8aba85e48833af2b3340ae89,
    type: 2}
  m_PrefabInternal: {fileID: 145076106}
  m_GameObject: {fileID: 1806075593}
  m_LocalRotation: {x: 0, y: 0, z: 0, w: 1}
  m_LocalPosition: {x: 0, y: 0, z: 0}
  m_LocalScale: {x: 1, y: 1, z: 1}
  m_Children: []
  m_Father: {fileID: 1123113102}
  m_RootOrder: 3
  m_AnchorMin: {x: 0.5, y: 0.5}
  m_AnchorMax: {x: 0.5, y: 0.5}
  m_AnchoredPosition: {x: -76, y: 218}
  m_SizeDelta: {x: 275, y: 275}
  m_Pivot: {x: 0.5, y: 0.5}
--- !u!114 &1806075595
MonoBehaviour:
  m_ObjectHideFlags: 0
  m_PrefabParentObject: {fileID: 11473902, guid: f7aa52cd8aba85e48833af2b3340ae89,
    type: 2}
  m_PrefabInternal: {fileID: 145076106}
  m_GameObject: {fileID: 1806075593}
  m_Enabled: 1
  m_EditorHideFlags: 0
  m_Script: {fileID: 1392445389, guid: f5f67c52d1564df4a8936ccd202a3bd8, type: 3}
  m_Name: 
  m_EditorClassIdentifier: 
  m_Navigation:
    m_Mode: 3
    m_SelectOnUp: {fileID: 0}
    m_SelectOnDown: {fileID: 0}
    m_SelectOnLeft: {fileID: 0}
    m_SelectOnRight: {fileID: 0}
  m_Transition: 1
  m_Colors:
    m_NormalColor: {r: 1, g: 1, b: 1, a: 1}
    m_HighlightedColor: {r: 0.9607843, g: 0.9607843, b: 0.9607843, a: 1}
    m_PressedColor: {r: 0.78431374, g: 0.78431374, b: 0.78431374, a: 1}
    m_DisabledColor: {r: 0.78431374, g: 0.78431374, b: 0.78431374, a: 0.5019608}
    m_ColorMultiplier: 1
    m_FadeDuration: 0.1
  m_SpriteState:
    m_HighlightedSprite: {fileID: 0}
    m_PressedSprite: {fileID: 0}
    m_DisabledSprite: {fileID: 0}
  m_AnimationTriggers:
    m_NormalTrigger: Normal
    m_HighlightedTrigger: Highlighted
    m_PressedTrigger: Pressed
    m_DisabledTrigger: Disabled
  m_Interactable: 1
  m_TargetGraphic: {fileID: 1806075596}
  m_OnClick:
    m_PersistentCalls:
      m_Calls: []
    m_TypeName: UnityEngine.UI.Button+ButtonClickedEvent, UnityEngine.UI, Version=1.0.0.0,
      Culture=neutral, PublicKeyToken=null
--- !u!114 &1806075596
MonoBehaviour:
  m_ObjectHideFlags: 0
  m_PrefabParentObject: {fileID: 11473904, guid: f7aa52cd8aba85e48833af2b3340ae89,
    type: 2}
  m_PrefabInternal: {fileID: 145076106}
  m_GameObject: {fileID: 1806075593}
  m_Enabled: 1
  m_EditorHideFlags: 0
  m_Script: {fileID: -765806418, guid: f5f67c52d1564df4a8936ccd202a3bd8, type: 3}
  m_Name: 
  m_EditorClassIdentifier: 
  m_Material: {fileID: 0}
  m_Color: {r: 0.9632353, g: 0.9632353, b: 0.9632353, a: 0.6313726}
  m_RaycastTarget: 1
  m_OnCullStateChanged:
    m_PersistentCalls:
      m_Calls: []
    m_TypeName: UnityEngine.UI.MaskableGraphic+CullStateChangedEvent, UnityEngine.UI,
      Version=1.0.0.0, Culture=neutral, PublicKeyToken=null
  m_Sprite: {fileID: 21300000, guid: 452dadc4ea87d1d4ca95604befac3fce, type: 3}
  m_Type: 0
  m_PreserveAspect: 0
  m_FillCenter: 1
  m_FillMethod: 4
  m_FillAmount: 1
  m_FillClockwise: 1
  m_FillOrigin: 0
--- !u!222 &1806075597
CanvasRenderer:
  m_ObjectHideFlags: 0
  m_PrefabParentObject: {fileID: 22273900, guid: f7aa52cd8aba85e48833af2b3340ae89,
    type: 2}
  m_PrefabInternal: {fileID: 145076106}
  m_GameObject: {fileID: 1806075593}
--- !u!1 &1863514918
GameObject:
  m_ObjectHideFlags: 0
  m_PrefabParentObject: {fileID: 173934, guid: f7aa52cd8aba85e48833af2b3340ae89, type: 2}
  m_PrefabInternal: {fileID: 145076106}
  serializedVersion: 4
  m_Component:
  - 224: {fileID: 1863514919}
  - 222: {fileID: 1863514921}
  - 114: {fileID: 1863514920}
  m_Layer: 5
  m_Name: InfoBar
  m_TagString: Untagged
  m_Icon: {fileID: 0}
  m_NavMeshLayer: 0
  m_StaticEditorFlags: 0
  m_IsActive: 1
--- !u!224 &1863514919
RectTransform:
  m_ObjectHideFlags: 0
  m_PrefabParentObject: {fileID: 22473934, guid: f7aa52cd8aba85e48833af2b3340ae89,
    type: 2}
  m_PrefabInternal: {fileID: 145076106}
  m_GameObject: {fileID: 1863514918}
  m_LocalRotation: {x: 0, y: 0, z: 0, w: 1}
  m_LocalPosition: {x: 0, y: 0, z: 0}
  m_LocalScale: {x: 1, y: 1, z: 1}
  m_Children:
  - {fileID: 1617063077}
  - {fileID: 1464589692}
  - {fileID: 362279847}
  - {fileID: 1255711995}
  - {fileID: 41336084}
  - {fileID: 541870670}
  m_Father: {fileID: 1123113102}
  m_RootOrder: 2
  m_AnchorMin: {x: 0.5, y: 0.5}
  m_AnchorMax: {x: 0.5, y: 0.5}
  m_AnchoredPosition: {x: 0, y: -789}
  m_SizeDelta: {x: 1536, y: 98}
  m_Pivot: {x: 0.5, y: 0.5}
--- !u!114 &1863514920
MonoBehaviour:
  m_ObjectHideFlags: 0
  m_PrefabParentObject: {fileID: 11473946, guid: f7aa52cd8aba85e48833af2b3340ae89,
    type: 2}
  m_PrefabInternal: {fileID: 145076106}
  m_GameObject: {fileID: 1863514918}
  m_Enabled: 1
  m_EditorHideFlags: 0
  m_Script: {fileID: -765806418, guid: f5f67c52d1564df4a8936ccd202a3bd8, type: 3}
  m_Name: 
  m_EditorClassIdentifier: 
  m_Material: {fileID: 0}
  m_Color: {r: 0.9632353, g: 0.9632353, b: 0.9632353, a: 0.7764706}
  m_RaycastTarget: 1
  m_OnCullStateChanged:
    m_PersistentCalls:
      m_Calls: []
    m_TypeName: UnityEngine.UI.MaskableGraphic+CullStateChangedEvent, UnityEngine.UI,
      Version=1.0.0.0, Culture=neutral, PublicKeyToken=null
  m_Sprite: {fileID: 21300000, guid: 7ed1238760b863f4aafde32ab3a6f28c, type: 3}
  m_Type: 1
  m_PreserveAspect: 0
  m_FillCenter: 1
  m_FillMethod: 4
  m_FillAmount: 1
  m_FillClockwise: 1
  m_FillOrigin: 0
--- !u!222 &1863514921
CanvasRenderer:
  m_ObjectHideFlags: 0
  m_PrefabParentObject: {fileID: 22273932, guid: f7aa52cd8aba85e48833af2b3340ae89,
    type: 2}
  m_PrefabInternal: {fileID: 145076106}
  m_GameObject: {fileID: 1863514918}
