%YAML 1.1
%TAG !u! tag:unity3d.com,2011:
--- !u!29 &1
SceneSettings:
  m_ObjectHideFlags: 0
  m_PVSData: 
  m_PVSObjectsArray: []
  m_PVSPortalsArray: []
  m_OcclusionBakeSettings:
    smallestOccluder: 5
    smallestHole: 0.25
    backfaceThreshold: 100
--- !u!104 &2
RenderSettings:
  m_ObjectHideFlags: 0
  serializedVersion: 6
  m_Fog: 0
  m_FogColor: {r: 0.5, g: 0.5, b: 0.5, a: 1}
  m_FogMode: 3
  m_FogDensity: 0.01
  m_LinearFogStart: 0
  m_LinearFogEnd: 300
  m_AmbientSkyColor: {r: 0.212, g: 0.227, b: 0.259, a: 1}
  m_AmbientEquatorColor: {r: 0.114, g: 0.125, b: 0.133, a: 1}
  m_AmbientGroundColor: {r: 0.047, g: 0.043, b: 0.035, a: 1}
  m_AmbientIntensity: 1
  m_AmbientMode: 0
  m_SkyboxMaterial: {fileID: 10304, guid: 0000000000000000f000000000000000, type: 0}
  m_HaloStrength: 0.5
  m_FlareStrength: 1
  m_FlareFadeSpeed: 3
  m_HaloTexture: {fileID: 0}
  m_SpotCookie: {fileID: 10001, guid: 0000000000000000e000000000000000, type: 0}
  m_DefaultReflectionMode: 0
  m_DefaultReflectionResolution: 128
  m_ReflectionBounces: 1
  m_ReflectionIntensity: 1
  m_CustomReflection: {fileID: 0}
  m_Sun: {fileID: 0}
--- !u!157 &4
LightmapSettings:
  m_ObjectHideFlags: 0
  serializedVersion: 6
  m_GIWorkflowMode: 0
  m_LightmapsMode: 1
  m_GISettings:
    serializedVersion: 2
    m_BounceScale: 1
    m_IndirectOutputScale: 1
    m_AlbedoBoost: 1
    m_TemporalCoherenceThreshold: 1
    m_EnvironmentLightingMode: 0
    m_EnableBakedLightmaps: 1
    m_EnableRealtimeLightmaps: 1
  m_LightmapEditorSettings:
    serializedVersion: 3
    m_Resolution: 2
    m_BakeResolution: 40
    m_TextureWidth: 1024
    m_TextureHeight: 1024
    m_AOMaxDistance: 1
    m_Padding: 2
    m_CompAOExponent: 0
    m_LightmapParameters: {fileID: 0}
    m_TextureCompression: 1
    m_FinalGather: 0
    m_FinalGatherRayCount: 1024
    m_ReflectionCompression: 2
  m_LightingDataAsset: {fileID: 0}
  m_RuntimeCPUUsage: 25
--- !u!196 &5
NavMeshSettings:
  serializedVersion: 2
  m_ObjectHideFlags: 0
  m_BuildSettings:
    serializedVersion: 2
    agentRadius: 0.5
    agentHeight: 2
    agentSlope: 45
    agentClimb: 0.4
    ledgeDropHeight: 0
    maxJumpAcrossDistance: 0
    accuratePlacement: 0
    minRegionArea: 2
    cellSize: 0.16666667
    manualCellSize: 0
  m_NavMeshData: {fileID: 0}
--- !u!1 &114403072
GameObject:
  m_ObjectHideFlags: 0
  m_PrefabParentObject: {fileID: 195154, guid: 9381c105a5f5ce64eb98c7aa64df80ff, type: 2}
  m_PrefabInternal: {fileID: 1432837037}
  serializedVersion: 4
  m_Component:
  - 224: {fileID: 114403073}
  - 222: {fileID: 114403075}
  - 114: {fileID: 114403074}
  m_Layer: 5
  m_Name: Dot
  m_TagString: Untagged
  m_Icon: {fileID: 0}
  m_NavMeshLayer: 0
  m_StaticEditorFlags: 0
  m_IsActive: 1
--- !u!224 &114403073
RectTransform:
  m_ObjectHideFlags: 0
  m_PrefabParentObject: {fileID: 22495154, guid: 9381c105a5f5ce64eb98c7aa64df80ff,
    type: 2}
  m_PrefabInternal: {fileID: 1432837037}
  m_GameObject: {fileID: 114403072}
  m_LocalRotation: {x: 0, y: 0, z: 0, w: 1}
  m_LocalPosition: {x: 0, y: 0, z: 0}
  m_LocalScale: {x: 1, y: 1, z: 1}
  m_Children: []
  m_Father: {fileID: 237089776}
  m_RootOrder: 12
  m_AnchorMin: {x: 0.5, y: 0.5}
  m_AnchorMax: {x: 0.5, y: 0.5}
  m_AnchoredPosition: {x: -55, y: -208}
  m_SizeDelta: {x: 45, y: 44}
  m_Pivot: {x: 0.5, y: 0.5}
--- !u!114 &114403074
MonoBehaviour:
  m_ObjectHideFlags: 0
  m_PrefabParentObject: {fileID: 11495152, guid: 9381c105a5f5ce64eb98c7aa64df80ff,
    type: 2}
  m_PrefabInternal: {fileID: 1432837037}
  m_GameObject: {fileID: 114403072}
  m_Enabled: 1
  m_EditorHideFlags: 0
  m_Script: {fileID: -765806418, guid: f5f67c52d1564df4a8936ccd202a3bd8, type: 3}
  m_Name: 
  m_EditorClassIdentifier: 
  m_Material: {fileID: 0}
  m_Color: {r: 0.6862745, g: 0.4117647, b: 0.3529412, a: 1}
  m_RaycastTarget: 1
  m_OnCullStateChanged:
    m_PersistentCalls:
      m_Calls: []
    m_TypeName: UnityEngine.UI.MaskableGraphic+CullStateChangedEvent, UnityEngine.UI,
      Version=1.0.0.0, Culture=neutral, PublicKeyToken=null
  m_Sprite: {fileID: 21300000, guid: f04f7faa5cfd8444a9b61e426135725f, type: 3}
  m_Type: 0
  m_PreserveAspect: 0
  m_FillCenter: 1
  m_FillMethod: 4
  m_FillAmount: 1
  m_FillClockwise: 1
  m_FillOrigin: 0
--- !u!222 &114403075
CanvasRenderer:
  m_ObjectHideFlags: 0
  m_PrefabParentObject: {fileID: 22295156, guid: 9381c105a5f5ce64eb98c7aa64df80ff,
    type: 2}
  m_PrefabInternal: {fileID: 1432837037}
  m_GameObject: {fileID: 114403072}
--- !u!1 &152684763
GameObject:
  m_ObjectHideFlags: 0
  m_PrefabParentObject: {fileID: 195140, guid: 9381c105a5f5ce64eb98c7aa64df80ff, type: 2}
  m_PrefabInternal: {fileID: 1432837037}
  serializedVersion: 4
  m_Component:
  - 224: {fileID: 152684764}
  - 222: {fileID: 152684766}
  - 114: {fileID: 152684765}
  m_Layer: 5
  m_Name: Line
  m_TagString: Untagged
  m_Icon: {fileID: 0}
  m_NavMeshLayer: 0
  m_StaticEditorFlags: 0
  m_IsActive: 1
--- !u!224 &152684764
RectTransform:
  m_ObjectHideFlags: 0
  m_PrefabParentObject: {fileID: 22495140, guid: 9381c105a5f5ce64eb98c7aa64df80ff,
    type: 2}
  m_PrefabInternal: {fileID: 1432837037}
  m_GameObject: {fileID: 152684763}
  m_LocalRotation: {x: 0, y: 0, z: 0, w: 1}
  m_LocalPosition: {x: 0, y: 0, z: 0}
  m_LocalScale: {x: 1, y: 1, z: 1}
  m_Children: []
  m_Father: {fileID: 237089776}
  m_RootOrder: 2
  m_AnchorMin: {x: 0.5, y: 0.5}
  m_AnchorMax: {x: 0.5, y: 0.5}
  m_AnchoredPosition: {x: 0, y: 176}
  m_SizeDelta: {x: 124, y: 10}
  m_Pivot: {x: 0.5, y: 0.5}
--- !u!114 &152684765
MonoBehaviour:
  m_ObjectHideFlags: 0
  m_PrefabParentObject: {fileID: 11495138, guid: 9381c105a5f5ce64eb98c7aa64df80ff,
    type: 2}
  m_PrefabInternal: {fileID: 1432837037}
  m_GameObject: {fileID: 152684763}
  m_Enabled: 1
  m_EditorHideFlags: 0
  m_Script: {fileID: -765806418, guid: f5f67c52d1564df4a8936ccd202a3bd8, type: 3}
  m_Name: 
  m_EditorClassIdentifier: 
  m_Material: {fileID: 0}
  m_Color: {r: 0.6862745, g: 0.62352943, b: 0.6, a: 1}
  m_RaycastTarget: 1
  m_OnCullStateChanged:
    m_PersistentCalls:
      m_Calls: []
    m_TypeName: UnityEngine.UI.MaskableGraphic+CullStateChangedEvent, UnityEngine.UI,
      Version=1.0.0.0, Culture=neutral, PublicKeyToken=null
  m_Sprite: {fileID: 21300000, guid: 7ed1238760b863f4aafde32ab3a6f28c, type: 3}
  m_Type: 1
  m_PreserveAspect: 0
  m_FillCenter: 1
  m_FillMethod: 4
  m_FillAmount: 1
  m_FillClockwise: 1
  m_FillOrigin: 0
--- !u!222 &152684766
CanvasRenderer:
  m_ObjectHideFlags: 0
  m_PrefabParentObject: {fileID: 22295142, guid: 9381c105a5f5ce64eb98c7aa64df80ff,
    type: 2}
  m_PrefabInternal: {fileID: 1432837037}
  m_GameObject: {fileID: 152684763}
--- !u!1 &237089775
GameObject:
  m_ObjectHideFlags: 0
  m_PrefabParentObject: {fileID: 195120, guid: 9381c105a5f5ce64eb98c7aa64df80ff, type: 2}
  m_PrefabInternal: {fileID: 1432837037}
  serializedVersion: 4
  m_Component:
  - 224: {fileID: 237089776}
  - 222: {fileID: 237089779}
  - 114: {fileID: 237089778}
  - 114: {fileID: 237089777}
  m_Layer: 5
  m_Name: Panel
  m_TagString: Untagged
  m_Icon: {fileID: 0}
  m_NavMeshLayer: 0
  m_StaticEditorFlags: 0
  m_IsActive: 1
--- !u!224 &237089776
RectTransform:
  m_ObjectHideFlags: 0
  m_PrefabParentObject: {fileID: 22495120, guid: 9381c105a5f5ce64eb98c7aa64df80ff,
    type: 2}
  m_PrefabInternal: {fileID: 1432837037}
  m_GameObject: {fileID: 237089775}
  m_LocalRotation: {x: 0, y: 0, z: 0, w: 1}
  m_LocalPosition: {x: 0, y: 0, z: 0}
  m_LocalScale: {x: 1, y: 1, z: 1}
  m_Children:
  - {fileID: 1855356419}
  - {fileID: 406777782}
  - {fileID: 152684764}
  - {fileID: 845825977}
  - {fileID: 1060715757}
  - {fileID: 309360862}
  - {fileID: 646162816}
  - {fileID: 1552562818}
  - {fileID: 1068649182}
  - {fileID: 877658865}
  - {fileID: 548096773}
  - {fileID: 465509511}
  - {fileID: 114403073}
  - {fileID: 1496951508}
  - {fileID: 670276511}
  - {fileID: 582482053}
  - {fileID: 402201030}
  - {fileID: 909705635}
  - {fileID: 309519995}
  - {fileID: 1153312935}
  - {fileID: 2044397408}
  - {fileID: 2134604429}
  - {fileID: 624845976}
  - {fileID: 1880733739}
  - {fileID: 1053234209}
  - {fileID: 1580240378}
  - {fileID: 1207062559}
  - {fileID: 353067898}
  - {fileID: 448742667}
  m_Father: {fileID: 502917712}
  m_RootOrder: 1
  m_AnchorMin: {x: 0.5, y: 0.5}
  m_AnchorMax: {x: 0.5, y: 0.5}
  m_AnchoredPosition: {x: 0, y: -0.020019531}
  m_SizeDelta: {x: 640, y: 1136}
  m_Pivot: {x: 0.5, y: 0.5}
--- !u!114 &237089777
MonoBehaviour:
  m_ObjectHideFlags: 0
  m_PrefabParentObject: {fileID: 11495118, guid: 9381c105a5f5ce64eb98c7aa64df80ff,
    type: 2}
  m_PrefabInternal: {fileID: 1432837037}
  m_GameObject: {fileID: 237089775}
  m_Enabled: 1
  m_EditorHideFlags: 0
  m_Script: {fileID: -1200242548, guid: f5f67c52d1564df4a8936ccd202a3bd8, type: 3}
  m_Name: 
  m_EditorClassIdentifier: 
  m_ShowMaskGraphic: 1
--- !u!114 &237089778
MonoBehaviour:
  m_ObjectHideFlags: 0
  m_PrefabParentObject: {fileID: 11495116, guid: 9381c105a5f5ce64eb98c7aa64df80ff,
    type: 2}
  m_PrefabInternal: {fileID: 1432837037}
  m_GameObject: {fileID: 237089775}
  m_Enabled: 1
  m_EditorHideFlags: 0
  m_Script: {fileID: -765806418, guid: f5f67c52d1564df4a8936ccd202a3bd8, type: 3}
  m_Name: 
  m_EditorClassIdentifier: 
  m_Material: {fileID: 0}
  m_Color: {r: 0.19852942, g: 0.19852942, b: 0.19852942, a: 1}
  m_RaycastTarget: 1
  m_OnCullStateChanged:
    m_PersistentCalls:
      m_Calls: []
    m_TypeName: UnityEngine.UI.MaskableGraphic+CullStateChangedEvent, UnityEngine.UI,
      Version=1.0.0.0, Culture=neutral, PublicKeyToken=null
  m_Sprite: {fileID: 21300000, guid: 7ed1238760b863f4aafde32ab3a6f28c, type: 3}
  m_Type: 1
  m_PreserveAspect: 0
  m_FillCenter: 1
  m_FillMethod: 4
  m_FillAmount: 1
  m_FillClockwise: 1
  m_FillOrigin: 0
--- !u!222 &237089779
CanvasRenderer:
  m_ObjectHideFlags: 0
  m_PrefabParentObject: {fileID: 22295122, guid: 9381c105a5f5ce64eb98c7aa64df80ff,
    type: 2}
  m_PrefabInternal: {fileID: 1432837037}
  m_GameObject: {fileID: 237089775}
--- !u!1 &309360861
GameObject:
  m_ObjectHideFlags: 0
  m_PrefabParentObject: {fileID: 195112, guid: 9381c105a5f5ce64eb98c7aa64df80ff, type: 2}
  m_PrefabInternal: {fileID: 1432837037}
  serializedVersion: 4
  m_Component:
  - 224: {fileID: 309360862}
  - 222: {fileID: 309360864}
  - 114: {fileID: 309360863}
  m_Layer: 5
  m_Name: Line
  m_TagString: Untagged
  m_Icon: {fileID: 0}
  m_NavMeshLayer: 0
  m_StaticEditorFlags: 0
  m_IsActive: 1
--- !u!224 &309360862
RectTransform:
  m_ObjectHideFlags: 0
  m_PrefabParentObject: {fileID: 22495112, guid: 9381c105a5f5ce64eb98c7aa64df80ff,
    type: 2}
  m_PrefabInternal: {fileID: 1432837037}
  m_GameObject: {fileID: 309360861}
  m_LocalRotation: {x: 0, y: 0, z: 0.3826835, w: 0.92387956}
  m_LocalPosition: {x: 0, y: 0, z: 0}
  m_LocalScale: {x: 0.99999994, y: 0.99999994, z: 1}
  m_Children: []
  m_Father: {fileID: 237089776}
  m_RootOrder: 5
  m_AnchorMin: {x: 0.5, y: 0.5}
  m_AnchorMax: {x: 0.5, y: 0.5}
  m_AnchoredPosition: {x: 10, y: -16}
  m_SizeDelta: {x: 10, y: 152.5}
  m_Pivot: {x: 0.5, y: 0.5}
--- !u!114 &309360863
MonoBehaviour:
  m_ObjectHideFlags: 0
  m_PrefabParentObject: {fileID: 11495108, guid: 9381c105a5f5ce64eb98c7aa64df80ff,
    type: 2}
  m_PrefabInternal: {fileID: 1432837037}
  m_GameObject: {fileID: 309360861}
  m_Enabled: 1
  m_EditorHideFlags: 0
  m_Script: {fileID: -765806418, guid: f5f67c52d1564df4a8936ccd202a3bd8, type: 3}
  m_Name: 
  m_EditorClassIdentifier: 
  m_Material: {fileID: 0}
  m_Color: {r: 0.8784314, g: 0.72156864, b: 0.52156866, a: 1}
  m_RaycastTarget: 1
  m_OnCullStateChanged:
    m_PersistentCalls:
      m_Calls: []
    m_TypeName: UnityEngine.UI.MaskableGraphic+CullStateChangedEvent, UnityEngine.UI,
      Version=1.0.0.0, Culture=neutral, PublicKeyToken=null
  m_Sprite: {fileID: 21300000, guid: 7ed1238760b863f4aafde32ab3a6f28c, type: 3}
  m_Type: 1
  m_PreserveAspect: 0
  m_FillCenter: 1
  m_FillMethod: 4
  m_FillAmount: 1
  m_FillClockwise: 1
  m_FillOrigin: 0
--- !u!222 &309360864
CanvasRenderer:
  m_ObjectHideFlags: 0
  m_PrefabParentObject: {fileID: 22295114, guid: 9381c105a5f5ce64eb98c7aa64df80ff,
    type: 2}
  m_PrefabInternal: {fileID: 1432837037}
  m_GameObject: {fileID: 309360861}
--- !u!1 &309519994
GameObject:
  m_ObjectHideFlags: 0
  m_PrefabParentObject: {fileID: 195156, guid: 9381c105a5f5ce64eb98c7aa64df80ff, type: 2}
  m_PrefabInternal: {fileID: 1432837037}
  serializedVersion: 4
  m_Component:
  - 224: {fileID: 309519995}
  - 222: {fileID: 309519997}
  - 114: {fileID: 309519996}
  m_Layer: 5
  m_Name: Dot
  m_TagString: Untagged
  m_Icon: {fileID: 0}
  m_NavMeshLayer: 0
  m_StaticEditorFlags: 0
  m_IsActive: 1
--- !u!224 &309519995
RectTransform:
  m_ObjectHideFlags: 0
  m_PrefabParentObject: {fileID: 22495156, guid: 9381c105a5f5ce64eb98c7aa64df80ff,
    type: 2}
  m_PrefabInternal: {fileID: 1432837037}
  m_GameObject: {fileID: 309519994}
  m_LocalRotation: {x: 0, y: 0, z: 0, w: 1}
  m_LocalPosition: {x: 0, y: 0, z: 0}
  m_LocalScale: {x: 1, y: 1, z: 1}
  m_Children: []
  m_Father: {fileID: 237089776}
  m_RootOrder: 18
  m_AnchorMin: {x: 0.5, y: 0.5}
  m_AnchorMax: {x: 0.5, y: 0.5}
  m_AnchoredPosition: {x: 201, y: 176}
  m_SizeDelta: {x: 45, y: 44}
  m_Pivot: {x: 0.5, y: 0.5}
--- !u!114 &309519996
MonoBehaviour:
  m_ObjectHideFlags: 0
  m_PrefabParentObject: {fileID: 11495154, guid: 9381c105a5f5ce64eb98c7aa64df80ff,
    type: 2}
  m_PrefabInternal: {fileID: 1432837037}
  m_GameObject: {fileID: 309519994}
  m_Enabled: 1
  m_EditorHideFlags: 0
  m_Script: {fileID: -765806418, guid: f5f67c52d1564df4a8936ccd202a3bd8, type: 3}
  m_Name: 
  m_EditorClassIdentifier: 
  m_Material: {fileID: 0}
  m_Color: {r: 0.88235295, g: 0.7254902, b: 0.5254902, a: 1}
  m_RaycastTarget: 1
  m_OnCullStateChanged:
    m_PersistentCalls:
      m_Calls: []
    m_TypeName: UnityEngine.UI.MaskableGraphic+CullStateChangedEvent, UnityEngine.UI,
      Version=1.0.0.0, Culture=neutral, PublicKeyToken=null
  m_Sprite: {fileID: 21300000, guid: f04f7faa5cfd8444a9b61e426135725f, type: 3}
  m_Type: 0
  m_PreserveAspect: 0
  m_FillCenter: 1
  m_FillMethod: 4
  m_FillAmount: 1
  m_FillClockwise: 1
  m_FillOrigin: 0
--- !u!222 &309519997
CanvasRenderer:
  m_ObjectHideFlags: 0
  m_PrefabParentObject: {fileID: 22295158, guid: 9381c105a5f5ce64eb98c7aa64df80ff,
    type: 2}
  m_PrefabInternal: {fileID: 1432837037}
  m_GameObject: {fileID: 309519994}
--- !u!1 &353067897
GameObject:
  m_ObjectHideFlags: 0
  m_PrefabParentObject: {fileID: 195152, guid: 9381c105a5f5ce64eb98c7aa64df80ff, type: 2}
  m_PrefabInternal: {fileID: 1432837037}
  serializedVersion: 4
  m_Component:
  - 224: {fileID: 353067898}
  - 222: {fileID: 353067900}
  - 114: {fileID: 353067899}
  m_Layer: 5
  m_Name: Dot
  m_TagString: Untagged
  m_Icon: {fileID: 0}
  m_NavMeshLayer: 0
  m_StaticEditorFlags: 0
  m_IsActive: 1
--- !u!224 &353067898
RectTransform:
  m_ObjectHideFlags: 0
  m_PrefabParentObject: {fileID: 22495152, guid: 9381c105a5f5ce64eb98c7aa64df80ff,
    type: 2}
  m_PrefabInternal: {fileID: 1432837037}
  m_GameObject: {fileID: 353067897}
  m_LocalRotation: {x: 0, y: 0, z: 0, w: 1}
  m_LocalPosition: {x: 0, y: 0, z: 0}
  m_LocalScale: {x: 1, y: 1, z: 1}
  m_Children: []
  m_Father: {fileID: 237089776}
  m_RootOrder: 27
  m_AnchorMin: {x: 0.5, y: 0.5}
  m_AnchorMax: {x: 0.5, y: 0.5}
  m_AnchoredPosition: {x: 201, y: 300}
  m_SizeDelta: {x: 45, y: 44}
  m_Pivot: {x: 0.5, y: 0.5}
--- !u!114 &353067899
MonoBehaviour:
  m_ObjectHideFlags: 0
  m_PrefabParentObject: {fileID: 11495150, guid: 9381c105a5f5ce64eb98c7aa64df80ff,
    type: 2}
  m_PrefabInternal: {fileID: 1432837037}
  m_GameObject: {fileID: 353067897}
  m_Enabled: 1
  m_EditorHideFlags: 0
  m_Script: {fileID: -765806418, guid: f5f67c52d1564df4a8936ccd202a3bd8, type: 3}
  m_Name: 
  m_EditorClassIdentifier: 
  m_Material: {fileID: 0}
  m_Color: {r: 0.6862745, g: 0.62352943, b: 0.6, a: 1}
  m_RaycastTarget: 1
  m_OnCullStateChanged:
    m_PersistentCalls:
      m_Calls: []
    m_TypeName: UnityEngine.UI.MaskableGraphic+CullStateChangedEvent, UnityEngine.UI,
      Version=1.0.0.0, Culture=neutral, PublicKeyToken=null
  m_Sprite: {fileID: 21300000, guid: f04f7faa5cfd8444a9b61e426135725f, type: 3}
  m_Type: 0
  m_PreserveAspect: 0
  m_FillCenter: 1
  m_FillMethod: 4
  m_FillAmount: 1
  m_FillClockwise: 1
  m_FillOrigin: 0
--- !u!222 &353067900
CanvasRenderer:
  m_ObjectHideFlags: 0
  m_PrefabParentObject: {fileID: 22295154, guid: 9381c105a5f5ce64eb98c7aa64df80ff,
    type: 2}
  m_PrefabInternal: {fileID: 1432837037}
  m_GameObject: {fileID: 353067897}
--- !u!1 &402201029
GameObject:
  m_ObjectHideFlags: 0
  m_PrefabParentObject: {fileID: 195170, guid: 9381c105a5f5ce64eb98c7aa64df80ff, type: 2}
  m_PrefabInternal: {fileID: 1432837037}
  serializedVersion: 4
  m_Component:
  - 224: {fileID: 402201030}
  - 222: {fileID: 402201032}
  - 114: {fileID: 402201031}
  m_Layer: 5
  m_Name: Dot
  m_TagString: Untagged
  m_Icon: {fileID: 0}
  m_NavMeshLayer: 0
  m_StaticEditorFlags: 0
  m_IsActive: 1
--- !u!224 &402201030
RectTransform:
  m_ObjectHideFlags: 0
  m_PrefabParentObject: {fileID: 22495170, guid: 9381c105a5f5ce64eb98c7aa64df80ff,
    type: 2}
  m_PrefabInternal: {fileID: 1432837037}
  m_GameObject: {fileID: 402201029}
  m_LocalRotation: {x: 0, y: 0, z: 0, w: 1}
  m_LocalPosition: {x: 0, y: 0, z: 0}
  m_LocalScale: {x: 1, y: 1, z: 1}
  m_Children: []
  m_Father: {fileID: 237089776}
  m_RootOrder: 16
  m_AnchorMin: {x: 0.5, y: 0.5}
  m_AnchorMax: {x: 0.5, y: 0.5}
  m_AnchoredPosition: {x: 73, y: 176}
  m_SizeDelta: {x: 45, y: 44}
  m_Pivot: {x: 0.5, y: 0.5}
--- !u!114 &402201031
MonoBehaviour:
  m_ObjectHideFlags: 0
  m_PrefabParentObject: {fileID: 11495170, guid: 9381c105a5f5ce64eb98c7aa64df80ff,
    type: 2}
  m_PrefabInternal: {fileID: 1432837037}
  m_GameObject: {fileID: 402201029}
  m_Enabled: 1
  m_EditorHideFlags: 0
  m_Script: {fileID: -765806418, guid: f5f67c52d1564df4a8936ccd202a3bd8, type: 3}
  m_Name: 
  m_EditorClassIdentifier: 
  m_Material: {fileID: 0}
  m_Color: {r: 0.88235295, g: 0.7254902, b: 0.5254902, a: 1}
  m_RaycastTarget: 1
  m_OnCullStateChanged:
    m_PersistentCalls:
      m_Calls: []
    m_TypeName: UnityEngine.UI.MaskableGraphic+CullStateChangedEvent, UnityEngine.UI,
      Version=1.0.0.0, Culture=neutral, PublicKeyToken=null
  m_Sprite: {fileID: 21300000, guid: f04f7faa5cfd8444a9b61e426135725f, type: 3}
  m_Type: 0
  m_PreserveAspect: 0
  m_FillCenter: 1
  m_FillMethod: 4
  m_FillAmount: 1
  m_FillClockwise: 1
  m_FillOrigin: 0
--- !u!222 &402201032
CanvasRenderer:
  m_ObjectHideFlags: 0
  m_PrefabParentObject: {fileID: 22295170, guid: 9381c105a5f5ce64eb98c7aa64df80ff,
    type: 2}
  m_PrefabInternal: {fileID: 1432837037}
  m_GameObject: {fileID: 402201029}
--- !u!1 &406777781
GameObject:
  m_ObjectHideFlags: 0
  m_PrefabParentObject: {fileID: 195148, guid: 9381c105a5f5ce64eb98c7aa64df80ff, type: 2}
  m_PrefabInternal: {fileID: 1432837037}
  serializedVersion: 4
  m_Component:
  - 224: {fileID: 406777782}
  - 222: {fileID: 406777784}
  - 114: {fileID: 406777783}
  m_Layer: 5
  m_Name: Line
  m_TagString: Untagged
  m_Icon: {fileID: 0}
  m_NavMeshLayer: 0
  m_StaticEditorFlags: 0
  m_IsActive: 1
--- !u!224 &406777782
RectTransform:
  m_ObjectHideFlags: 0
  m_PrefabParentObject: {fileID: 22495148, guid: 9381c105a5f5ce64eb98c7aa64df80ff,
    type: 2}
  m_PrefabInternal: {fileID: 1432837037}
  m_GameObject: {fileID: 406777781}
  m_LocalRotation: {x: 0, y: 0, z: 0, w: 1}
  m_LocalPosition: {x: 0, y: 0, z: 0}
  m_LocalScale: {x: 1, y: 1, z: 1}
  m_Children: []
  m_Father: {fileID: 237089776}
  m_RootOrder: 1
  m_AnchorMin: {x: 0.5, y: 0.5}
  m_AnchorMax: {x: 0.5, y: 0.5}
  m_AnchoredPosition: {x: -55, y: 112}
  m_SizeDelta: {x: 10, y: 124}
  m_Pivot: {x: 0.5, y: 0.5}
--- !u!114 &406777783
MonoBehaviour:
  m_ObjectHideFlags: 0
  m_PrefabParentObject: {fileID: 11495146, guid: 9381c105a5f5ce64eb98c7aa64df80ff,
    type: 2}
  m_PrefabInternal: {fileID: 1432837037}
  m_GameObject: {fileID: 406777781}
  m_Enabled: 1
  m_EditorHideFlags: 0
  m_Script: {fileID: -765806418, guid: f5f67c52d1564df4a8936ccd202a3bd8, type: 3}
  m_Name: 
  m_EditorClassIdentifier: 
  m_Material: {fileID: 0}
  m_Color: {r: 0.8784314, g: 0.72156864, b: 0.52156866, a: 1}
  m_RaycastTarget: 1
  m_OnCullStateChanged:
    m_PersistentCalls:
      m_Calls: []
    m_TypeName: UnityEngine.UI.MaskableGraphic+CullStateChangedEvent, UnityEngine.UI,
      Version=1.0.0.0, Culture=neutral, PublicKeyToken=null
  m_Sprite: {fileID: 21300000, guid: 7ed1238760b863f4aafde32ab3a6f28c, type: 3}
  m_Type: 1
  m_PreserveAspect: 0
  m_FillCenter: 1
  m_FillMethod: 4
  m_FillAmount: 1
  m_FillClockwise: 1
  m_FillOrigin: 0
--- !u!222 &406777784
CanvasRenderer:
  m_ObjectHideFlags: 0
  m_PrefabParentObject: {fileID: 22295150, guid: 9381c105a5f5ce64eb98c7aa64df80ff,
    type: 2}
  m_PrefabInternal: {fileID: 1432837037}
  m_GameObject: {fileID: 406777781}
--- !u!1 &448742666
GameObject:
  m_ObjectHideFlags: 0
  m_PrefabParentObject: {fileID: 195162, guid: 9381c105a5f5ce64eb98c7aa64df80ff, type: 2}
  m_PrefabInternal: {fileID: 1432837037}
  serializedVersion: 4
  m_Component:
  - 224: {fileID: 448742667}
  - 222: {fileID: 448742669}
  - 114: {fileID: 448742668}
  m_Layer: 5
  m_Name: InfoText
  m_TagString: Untagged
  m_Icon: {fileID: 0}
  m_NavMeshLayer: 0
  m_StaticEditorFlags: 0
  m_IsActive: 1
--- !u!224 &448742667
RectTransform:
  m_ObjectHideFlags: 0
  m_PrefabParentObject: {fileID: 22495162, guid: 9381c105a5f5ce64eb98c7aa64df80ff,
    type: 2}
  m_PrefabInternal: {fileID: 1432837037}
  m_GameObject: {fileID: 448742666}
  m_LocalRotation: {x: 0, y: 0, z: 0, w: 1}
  m_LocalPosition: {x: 0, y: 0, z: 0}
  m_LocalScale: {x: 1, y: 1, z: 1}
  m_Children:
  - {fileID: 1089152520}
  m_Father: {fileID: 237089776}
  m_RootOrder: 28
  m_AnchorMin: {x: 0.5, y: 0.5}
  m_AnchorMax: {x: 0.5, y: 0.5}
  m_AnchoredPosition: {x: 0, y: -348}
  m_SizeDelta: {x: 284, y: 124}
  m_Pivot: {x: 0.5, y: 0.5}
--- !u!114 &448742668
MonoBehaviour:
  m_ObjectHideFlags: 0
  m_PrefabParentObject: {fileID: 11495160, guid: 9381c105a5f5ce64eb98c7aa64df80ff,
    type: 2}
  m_PrefabInternal: {fileID: 1432837037}
  m_GameObject: {fileID: 448742666}
  m_Enabled: 1
  m_EditorHideFlags: 0
  m_Script: {fileID: 708705254, guid: f5f67c52d1564df4a8936ccd202a3bd8, type: 3}
  m_Name: 
  m_EditorClassIdentifier: 
  m_Material: {fileID: 0}
  m_Color: {r: 0.8784314, g: 0.72156864, b: 0.52156866, a: 1}
  m_RaycastTarget: 1
  m_OnCullStateChanged:
    m_PersistentCalls:
      m_Calls: []
    m_TypeName: UnityEngine.UI.MaskableGraphic+CullStateChangedEvent, UnityEngine.UI,
      Version=1.0.0.0, Culture=neutral, PublicKeyToken=null
  m_FontData:
    m_Font: {fileID: 12800000, guid: 7dfc2e1472ac84e1bb749a8a9f934483, type: 3}
    m_FontSize: 80
    m_FontStyle: 0
    m_BestFit: 0
    m_MinSize: 10
    m_MaxSize: 80
    m_Alignment: 4
    m_AlignByGeometry: 0
    m_RichText: 1
    m_HorizontalOverflow: 0
    m_VerticalOverflow: 0
    m_LineSpacing: 1
  m_Text: 145
--- !u!222 &448742669
CanvasRenderer:
  m_ObjectHideFlags: 0
  m_PrefabParentObject: {fileID: 22295164, guid: 9381c105a5f5ce64eb98c7aa64df80ff,
    type: 2}
  m_PrefabInternal: {fileID: 1432837037}
  m_GameObject: {fileID: 448742666}
--- !u!1 &465509510
GameObject:
  m_ObjectHideFlags: 0
  m_PrefabParentObject: {fileID: 195142, guid: 9381c105a5f5ce64eb98c7aa64df80ff, type: 2}
  m_PrefabInternal: {fileID: 1432837037}
  serializedVersion: 4
  m_Component:
  - 224: {fileID: 465509511}
  - 222: {fileID: 465509513}
  - 114: {fileID: 465509512}
  m_Layer: 5
  m_Name: Dot
  m_TagString: Untagged
  m_Icon: {fileID: 0}
  m_NavMeshLayer: 0
  m_StaticEditorFlags: 0
  m_IsActive: 1
--- !u!224 &465509511
RectTransform:
  m_ObjectHideFlags: 0
  m_PrefabParentObject: {fileID: 22495142, guid: 9381c105a5f5ce64eb98c7aa64df80ff,
    type: 2}
  m_PrefabInternal: {fileID: 1432837037}
  m_GameObject: {fileID: 465509510}
  m_LocalRotation: {x: 0, y: 0, z: 0, w: 1}
  m_LocalPosition: {x: 0, y: 0, z: 0}
  m_LocalScale: {x: 1, y: 1, z: 1}
  m_Children: []
  m_Father: {fileID: 237089776}
  m_RootOrder: 11
  m_AnchorMin: {x: 0.5, y: 0.5}
  m_AnchorMax: {x: 0.5, y: 0.5}
  m_AnchoredPosition: {x: -183, y: -80}
  m_SizeDelta: {x: 45, y: 44}
  m_Pivot: {x: 0.5, y: 0.5}
--- !u!114 &465509512
MonoBehaviour:
  m_ObjectHideFlags: 0
  m_PrefabParentObject: {fileID: 11495140, guid: 9381c105a5f5ce64eb98c7aa64df80ff,
    type: 2}
  m_PrefabInternal: {fileID: 1432837037}
  m_GameObject: {fileID: 465509510}
  m_Enabled: 1
  m_EditorHideFlags: 0
  m_Script: {fileID: -765806418, guid: f5f67c52d1564df4a8936ccd202a3bd8, type: 3}
  m_Name: 
  m_EditorClassIdentifier: 
  m_Material: {fileID: 0}
  m_Color: {r: 0.6862745, g: 0.4117647, b: 0.3529412, a: 1}
  m_RaycastTarget: 1
  m_OnCullStateChanged:
    m_PersistentCalls:
      m_Calls: []
    m_TypeName: UnityEngine.UI.MaskableGraphic+CullStateChangedEvent, UnityEngine.UI,
      Version=1.0.0.0, Culture=neutral, PublicKeyToken=null
  m_Sprite: {fileID: 21300000, guid: f04f7faa5cfd8444a9b61e426135725f, type: 3}
  m_Type: 0
  m_PreserveAspect: 0
  m_FillCenter: 1
  m_FillMethod: 4
  m_FillAmount: 1
  m_FillClockwise: 1
  m_FillOrigin: 0
--- !u!222 &465509513
CanvasRenderer:
  m_ObjectHideFlags: 0
  m_PrefabParentObject: {fileID: 22295144, guid: 9381c105a5f5ce64eb98c7aa64df80ff,
    type: 2}
  m_PrefabInternal: {fileID: 1432837037}
  m_GameObject: {fileID: 465509510}
--- !u!1 &502917708
GameObject:
  m_ObjectHideFlags: 0
  m_PrefabParentObject: {fileID: 195164, guid: 9381c105a5f5ce64eb98c7aa64df80ff, type: 2}
  m_PrefabInternal: {fileID: 1432837037}
  serializedVersion: 4
  m_Component:
  - 224: {fileID: 502917712}
  - 223: {fileID: 502917711}
  - 114: {fileID: 502917710}
  - 114: {fileID: 502917709}
  m_Layer: 5
  m_Name: GameExample_7
  m_TagString: Untagged
  m_Icon: {fileID: 0}
  m_NavMeshLayer: 0
  m_StaticEditorFlags: 0
  m_IsActive: 1
--- !u!114 &502917709
MonoBehaviour:
  m_ObjectHideFlags: 0
  m_PrefabParentObject: {fileID: 11495164, guid: 9381c105a5f5ce64eb98c7aa64df80ff,
    type: 2}
  m_PrefabInternal: {fileID: 1432837037}
  m_GameObject: {fileID: 502917708}
  m_Enabled: 1
  m_EditorHideFlags: 0
  m_Script: {fileID: 1301386320, guid: f5f67c52d1564df4a8936ccd202a3bd8, type: 3}
  m_Name: 
  m_EditorClassIdentifier: 
  m_IgnoreReversedGraphics: 1
  m_BlockingObjects: 0
  m_BlockingMask:
    serializedVersion: 2
    m_Bits: 4294967295
--- !u!114 &502917710
MonoBehaviour:
  m_ObjectHideFlags: 0
  m_PrefabParentObject: {fileID: 11495162, guid: 9381c105a5f5ce64eb98c7aa64df80ff,
    type: 2}
  m_PrefabInternal: {fileID: 1432837037}
  m_GameObject: {fileID: 502917708}
  m_Enabled: 1
  m_EditorHideFlags: 0
  m_Script: {fileID: 1980459831, guid: f5f67c52d1564df4a8936ccd202a3bd8, type: 3}
  m_Name: 
  m_EditorClassIdentifier: 
  m_UiScaleMode: 1
  m_ReferencePixelsPerUnit: 100
  m_ScaleFactor: 1
  m_ReferenceResolution: {x: 640, y: 1136}
  m_ScreenMatchMode: 0
  m_MatchWidthOrHeight: 1
  m_PhysicalUnit: 3
  m_FallbackScreenDPI: 96
  m_DefaultSpriteDPI: 96
  m_DynamicPixelsPerUnit: 1
--- !u!223 &502917711
Canvas:
  m_ObjectHideFlags: 0
  m_PrefabParentObject: {fileID: 22395170, guid: 9381c105a5f5ce64eb98c7aa64df80ff,
    type: 2}
  m_PrefabInternal: {fileID: 1432837037}
  m_GameObject: {fileID: 502917708}
  m_Enabled: 1
  serializedVersion: 2
  m_RenderMode: 0
  m_Camera: {fileID: 0}
  m_PlaneDistance: 100
  m_PixelPerfect: 1
  m_ReceivesEvents: 1
  m_OverrideSorting: 0
  m_OverridePixelPerfect: 0
  m_SortingLayerID: 0
  m_SortingOrder: 0
  m_TargetDisplay: 0
--- !u!224 &502917712
RectTransform:
  m_ObjectHideFlags: 0
  m_PrefabParentObject: {fileID: 22495164, guid: 9381c105a5f5ce64eb98c7aa64df80ff,
    type: 2}
  m_PrefabInternal: {fileID: 1432837037}
  m_GameObject: {fileID: 502917708}
  m_LocalRotation: {x: 0, y: 0, z: 0, w: 1}
  m_LocalPosition: {x: 0, y: 0, z: 0}
  m_LocalScale: {x: 0, y: 0, z: 0}
  m_Children:
  - {fileID: 647356454}
  - {fileID: 237089776}
  m_Father: {fileID: 0}
  m_RootOrder: 0
  m_AnchorMin: {x: 0, y: 0}
  m_AnchorMax: {x: 0, y: 0}
  m_AnchoredPosition: {x: 0, y: 0}
  m_SizeDelta: {x: 0, y: 0}
  m_Pivot: {x: 0, y: 0}
--- !u!1 &548096772
GameObject:
  m_ObjectHideFlags: 0
  m_PrefabParentObject: {fileID: 195108, guid: 9381c105a5f5ce64eb98c7aa64df80ff, type: 2}
  m_PrefabInternal: {fileID: 1432837037}
  serializedVersion: 4
  m_Component:
  - 224: {fileID: 548096773}
  - 222: {fileID: 548096775}
  - 114: {fileID: 548096774}
  m_Layer: 5
  m_Name: Dot
  m_TagString: Untagged
  m_Icon: {fileID: 0}
  m_NavMeshLayer: 0
  m_StaticEditorFlags: 0
  m_IsActive: 1
--- !u!224 &548096773
RectTransform:
  m_ObjectHideFlags: 0
  m_PrefabParentObject: {fileID: 22495108, guid: 9381c105a5f5ce64eb98c7aa64df80ff,
    type: 2}
  m_PrefabInternal: {fileID: 1432837037}
  m_GameObject: {fileID: 548096772}
  m_LocalRotation: {x: 0, y: 0, z: 0, w: 1}
  m_LocalPosition: {x: 0, y: 0, z: 0}
  m_LocalScale: {x: 1, y: 1, z: 1}
  m_Children: []
  m_Father: {fileID: 237089776}
  m_RootOrder: 10
  m_AnchorMin: {x: 0.5, y: 0.5}
  m_AnchorMax: {x: 0.5, y: 0.5}
  m_AnchoredPosition: {x: -56, y: 304}
  m_SizeDelta: {x: 45, y: 44}
  m_Pivot: {x: 0.5, y: 0.5}
--- !u!114 &548096774
MonoBehaviour:
  m_ObjectHideFlags: 0
  m_PrefabParentObject: {fileID: 11495104, guid: 9381c105a5f5ce64eb98c7aa64df80ff,
    type: 2}
  m_PrefabInternal: {fileID: 1432837037}
  m_GameObject: {fileID: 548096772}
  m_Enabled: 1
  m_EditorHideFlags: 0
  m_Script: {fileID: -765806418, guid: f5f67c52d1564df4a8936ccd202a3bd8, type: 3}
  m_Name: 
  m_EditorClassIdentifier: 
  m_Material: {fileID: 0}
  m_Color: {r: 0.8509804, g: 0.5882353, b: 0.39215687, a: 1}
  m_RaycastTarget: 1
  m_OnCullStateChanged:
    m_PersistentCalls:
      m_Calls: []
    m_TypeName: UnityEngine.UI.MaskableGraphic+CullStateChangedEvent, UnityEngine.UI,
      Version=1.0.0.0, Culture=neutral, PublicKeyToken=null
  m_Sprite: {fileID: 21300000, guid: f04f7faa5cfd8444a9b61e426135725f, type: 3}
  m_Type: 0
  m_PreserveAspect: 0
  m_FillCenter: 1
  m_FillMethod: 4
  m_FillAmount: 1
  m_FillClockwise: 1
  m_FillOrigin: 0
--- !u!222 &548096775
CanvasRenderer:
  m_ObjectHideFlags: 0
  m_PrefabParentObject: {fileID: 22295110, guid: 9381c105a5f5ce64eb98c7aa64df80ff,
    type: 2}
  m_PrefabInternal: {fileID: 1432837037}
  m_GameObject: {fileID: 548096772}
--- !u!1 &582482052
GameObject:
  m_ObjectHideFlags: 0
  m_PrefabParentObject: {fileID: 195158, guid: 9381c105a5f5ce64eb98c7aa64df80ff, type: 2}
  m_PrefabInternal: {fileID: 1432837037}
  serializedVersion: 4
  m_Component:
  - 224: {fileID: 582482053}
  - 222: {fileID: 582482055}
  - 114: {fileID: 582482054}
  m_Layer: 5
  m_Name: Dot
  m_TagString: Untagged
  m_Icon: {fileID: 0}
  m_NavMeshLayer: 0
  m_StaticEditorFlags: 0
  m_IsActive: 1
--- !u!224 &582482053
RectTransform:
  m_ObjectHideFlags: 0
  m_PrefabParentObject: {fileID: 22495158, guid: 9381c105a5f5ce64eb98c7aa64df80ff,
    type: 2}
  m_PrefabInternal: {fileID: 1432837037}
  m_GameObject: {fileID: 582482052}
  m_LocalRotation: {x: 0, y: 0, z: 0, w: 1}
  m_LocalPosition: {x: 0, y: 0, z: 0}
  m_LocalScale: {x: 1, y: 1, z: 1}
  m_Children: []
  m_Father: {fileID: 237089776}
  m_RootOrder: 15
  m_AnchorMin: {x: 0.5, y: 0.5}
  m_AnchorMax: {x: 0.5, y: 0.5}
  m_AnchoredPosition: {x: -55, y: 176}
  m_SizeDelta: {x: 45, y: 44}
  m_Pivot: {x: 0.5, y: 0.5}
--- !u!114 &582482054
MonoBehaviour:
  m_ObjectHideFlags: 0
  m_PrefabParentObject: {fileID: 11495156, guid: 9381c105a5f5ce64eb98c7aa64df80ff,
    type: 2}
  m_PrefabInternal: {fileID: 1432837037}
  m_GameObject: {fileID: 582482052}
  m_Enabled: 1
  m_EditorHideFlags: 0
  m_Script: {fileID: -765806418, guid: f5f67c52d1564df4a8936ccd202a3bd8, type: 3}
  m_Name: 
  m_EditorClassIdentifier: 
  m_Material: {fileID: 0}
  m_Color: {r: 0.39215687, g: 0.2784314, b: 0.28627452, a: 1}
  m_RaycastTarget: 1
  m_OnCullStateChanged:
    m_PersistentCalls:
      m_Calls: []
    m_TypeName: UnityEngine.UI.MaskableGraphic+CullStateChangedEvent, UnityEngine.UI,
      Version=1.0.0.0, Culture=neutral, PublicKeyToken=null
  m_Sprite: {fileID: 21300000, guid: f04f7faa5cfd8444a9b61e426135725f, type: 3}
  m_Type: 0
  m_PreserveAspect: 0
  m_FillCenter: 1
  m_FillMethod: 4
  m_FillAmount: 1
  m_FillClockwise: 1
  m_FillOrigin: 0
--- !u!222 &582482055
CanvasRenderer:
  m_ObjectHideFlags: 0
  m_PrefabParentObject: {fileID: 22295160, guid: 9381c105a5f5ce64eb98c7aa64df80ff,
    type: 2}
  m_PrefabInternal: {fileID: 1432837037}
  m_GameObject: {fileID: 582482052}
--- !u!1 &624845975
GameObject:
  m_ObjectHideFlags: 0
  m_PrefabParentObject: {fileID: 195150, guid: 9381c105a5f5ce64eb98c7aa64df80ff, type: 2}
  m_PrefabInternal: {fileID: 1432837037}
  serializedVersion: 4
  m_Component:
  - 224: {fileID: 624845976}
  - 222: {fileID: 624845978}
  - 114: {fileID: 624845977}
  m_Layer: 5
  m_Name: Dot
  m_TagString: Untagged
  m_Icon: {fileID: 0}
  m_NavMeshLayer: 0
  m_StaticEditorFlags: 0
  m_IsActive: 1
--- !u!224 &624845976
RectTransform:
  m_ObjectHideFlags: 0
  m_PrefabParentObject: {fileID: 22495150, guid: 9381c105a5f5ce64eb98c7aa64df80ff,
    type: 2}
  m_PrefabInternal: {fileID: 1432837037}
  m_GameObject: {fileID: 624845975}
  m_LocalRotation: {x: 0, y: 0, z: 0, w: 1}
  m_LocalPosition: {x: 0, y: 0, z: 0}
  m_LocalScale: {x: 1, y: 1, z: 1}
  m_Children: []
  m_Father: {fileID: 237089776}
  m_RootOrder: 22
  m_AnchorMin: {x: 0.5, y: 0.5}
  m_AnchorMax: {x: 0.5, y: 0.5}
  m_AnchoredPosition: {x: 201, y: -80}
  m_SizeDelta: {x: 45, y: 44}
  m_Pivot: {x: 0.5, y: 0.5}
--- !u!114 &624845977
MonoBehaviour:
  m_ObjectHideFlags: 0
  m_PrefabParentObject: {fileID: 11495148, guid: 9381c105a5f5ce64eb98c7aa64df80ff,
    type: 2}
  m_PrefabInternal: {fileID: 1432837037}
  m_GameObject: {fileID: 624845975}
  m_Enabled: 1
  m_EditorHideFlags: 0
  m_Script: {fileID: -765806418, guid: f5f67c52d1564df4a8936ccd202a3bd8, type: 3}
  m_Name: 
  m_EditorClassIdentifier: 
  m_Material: {fileID: 0}
  m_Color: {r: 0.6862745, g: 0.62352943, b: 0.6, a: 1}
  m_RaycastTarget: 1
  m_OnCullStateChanged:
    m_PersistentCalls:
      m_Calls: []
    m_TypeName: UnityEngine.UI.MaskableGraphic+CullStateChangedEvent, UnityEngine.UI,
      Version=1.0.0.0, Culture=neutral, PublicKeyToken=null
  m_Sprite: {fileID: 21300000, guid: f04f7faa5cfd8444a9b61e426135725f, type: 3}
  m_Type: 0
  m_PreserveAspect: 0
  m_FillCenter: 1
  m_FillMethod: 4
  m_FillAmount: 1
  m_FillClockwise: 1
  m_FillOrigin: 0
--- !u!222 &624845978
CanvasRenderer:
  m_ObjectHideFlags: 0
  m_PrefabParentObject: {fileID: 22295152, guid: 9381c105a5f5ce64eb98c7aa64df80ff,
    type: 2}
  m_PrefabInternal: {fileID: 1432837037}
  m_GameObject: {fileID: 624845975}
--- !u!1 &646162815
GameObject:
  m_ObjectHideFlags: 0
  m_PrefabParentObject: {fileID: 195166, guid: 9381c105a5f5ce64eb98c7aa64df80ff, type: 2}
  m_PrefabInternal: {fileID: 1432837037}
  serializedVersion: 4
  m_Component:
  - 224: {fileID: 646162816}
  - 222: {fileID: 646162818}
  - 114: {fileID: 646162817}
  m_Layer: 5
  m_Name: Line
  m_TagString: Untagged
  m_Icon: {fileID: 0}
  m_NavMeshLayer: 0
  m_StaticEditorFlags: 0
  m_IsActive: 1
--- !u!224 &646162816
RectTransform:
  m_ObjectHideFlags: 0
  m_PrefabParentObject: {fileID: 22495166, guid: 9381c105a5f5ce64eb98c7aa64df80ff,
    type: 2}
  m_PrefabInternal: {fileID: 1432837037}
  m_GameObject: {fileID: 646162815}
  m_LocalRotation: {x: 0, y: 0, z: 0, w: 1}
  m_LocalPosition: {x: 0, y: 0, z: 0}
  m_LocalScale: {x: 1, y: 1, z: 1}
  m_Children: []
  m_Father: {fileID: 237089776}
  m_RootOrder: 6
  m_AnchorMin: {x: 0.5, y: 0.5}
  m_AnchorMax: {x: 0.5, y: 0.5}
  m_AnchoredPosition: {x: -124, y: -80}
  m_SizeDelta: {x: 124, y: 10}
  m_Pivot: {x: 0.5, y: 0.5}
--- !u!114 &646162817
MonoBehaviour:
  m_ObjectHideFlags: 0
  m_PrefabParentObject: {fileID: 11495166, guid: 9381c105a5f5ce64eb98c7aa64df80ff,
    type: 2}
  m_PrefabInternal: {fileID: 1432837037}
  m_GameObject: {fileID: 646162815}
  m_Enabled: 1
  m_EditorHideFlags: 0
  m_Script: {fileID: -765806418, guid: f5f67c52d1564df4a8936ccd202a3bd8, type: 3}
  m_Name: 
  m_EditorClassIdentifier: 
  m_Material: {fileID: 0}
  m_Color: {r: 0.6862745, g: 0.62352943, b: 0.6, a: 1}
  m_RaycastTarget: 1
  m_OnCullStateChanged:
    m_PersistentCalls:
      m_Calls: []
    m_TypeName: UnityEngine.UI.MaskableGraphic+CullStateChangedEvent, UnityEngine.UI,
      Version=1.0.0.0, Culture=neutral, PublicKeyToken=null
  m_Sprite: {fileID: 21300000, guid: 7ed1238760b863f4aafde32ab3a6f28c, type: 3}
  m_Type: 1
  m_PreserveAspect: 0
  m_FillCenter: 1
  m_FillMethod: 4
  m_FillAmount: 1
  m_FillClockwise: 1
  m_FillOrigin: 0
--- !u!222 &646162818
CanvasRenderer:
  m_ObjectHideFlags: 0
  m_PrefabParentObject: {fileID: 22295166, guid: 9381c105a5f5ce64eb98c7aa64df80ff,
    type: 2}
  m_PrefabInternal: {fileID: 1432837037}
  m_GameObject: {fileID: 646162815}
--- !u!1 &647356453
GameObject:
  m_ObjectHideFlags: 0
  m_PrefabParentObject: {fileID: 195146, guid: 9381c105a5f5ce64eb98c7aa64df80ff, type: 2}
  m_PrefabInternal: {fileID: 1432837037}
  serializedVersion: 4
  m_Component:
  - 224: {fileID: 647356454}
  - 222: {fileID: 647356456}
  - 114: {fileID: 647356455}
  m_Layer: 5
  m_Name: AppTitle
  m_TagString: Untagged
  m_Icon: {fileID: 0}
  m_NavMeshLayer: 0
  m_StaticEditorFlags: 0
  m_IsActive: 1
--- !u!224 &647356454
RectTransform:
  m_ObjectHideFlags: 0
  m_PrefabParentObject: {fileID: 22495146, guid: 9381c105a5f5ce64eb98c7aa64df80ff,
    type: 2}
  m_PrefabInternal: {fileID: 1432837037}
  m_GameObject: {fileID: 647356453}
  m_LocalRotation: {x: 0, y: 0, z: 0, w: 1}
  m_LocalPosition: {x: 0, y: 0, z: 0}
  m_LocalScale: {x: 1, y: 1, z: 1}
  m_Children:
  - {fileID: 1236925921}
  m_Father: {fileID: 502917712}
  m_RootOrder: 0
  m_AnchorMin: {x: 0.5, y: 0.5}
  m_AnchorMax: {x: 0.5, y: 0.5}
  m_AnchoredPosition: {x: 27.495, y: 633}
  m_SizeDelta: {x: 695, y: 109}
  m_Pivot: {x: 0.5, y: 0.5}
--- !u!114 &647356455
MonoBehaviour:
  m_ObjectHideFlags: 0
  m_PrefabParentObject: {fileID: 11495144, guid: 9381c105a5f5ce64eb98c7aa64df80ff,
    type: 2}
  m_PrefabInternal: {fileID: 1432837037}
  m_GameObject: {fileID: 647356453}
  m_Enabled: 1
  m_EditorHideFlags: 0
  m_Script: {fileID: 708705254, guid: f5f67c52d1564df4a8936ccd202a3bd8, type: 3}
  m_Name: 
  m_EditorClassIdentifier: 
  m_Material: {fileID: 0}
  m_Color: {r: 0.85490197, g: 0.85490197, b: 0.85490197, a: 1}
  m_RaycastTarget: 1
  m_OnCullStateChanged:
    m_PersistentCalls:
      m_Calls: []
    m_TypeName: UnityEngine.UI.MaskableGraphic+CullStateChangedEvent, UnityEngine.UI,
      Version=1.0.0.0, Culture=neutral, PublicKeyToken=null
  m_FontData:
    m_Font: {fileID: 12800000, guid: 218956a5c2a6e42d6a60afccf80b002b, type: 3}
    m_FontSize: 102
    m_FontStyle: 0
    m_BestFit: 0
    m_MinSize: 10
    m_MaxSize: 102
    m_Alignment: 0
    m_AlignByGeometry: 0
    m_RichText: 1
    m_HorizontalOverflow: 0
    m_VerticalOverflow: 1
    m_LineSpacing: 1
  m_Text: GAME
--- !u!222 &647356456
CanvasRenderer:
  m_ObjectHideFlags: 0
  m_PrefabParentObject: {fileID: 22295148, guid: 9381c105a5f5ce64eb98c7aa64df80ff,
    type: 2}
  m_PrefabInternal: {fileID: 1432837037}
  m_GameObject: {fileID: 647356453}
--- !u!1 &670276510
GameObject:
  m_ObjectHideFlags: 0
  m_PrefabParentObject: {fileID: 195132, guid: 9381c105a5f5ce64eb98c7aa64df80ff, type: 2}
  m_PrefabInternal: {fileID: 1432837037}
  serializedVersion: 4
  m_Component:
  - 224: {fileID: 670276511}
  - 222: {fileID: 670276513}
  - 114: {fileID: 670276512}
  m_Layer: 5
  m_Name: Dot
  m_TagString: Untagged
  m_Icon: {fileID: 0}
  m_NavMeshLayer: 0
  m_StaticEditorFlags: 0
  m_IsActive: 1
--- !u!224 &670276511
RectTransform:
  m_ObjectHideFlags: 0
  m_PrefabParentObject: {fileID: 22495132, guid: 9381c105a5f5ce64eb98c7aa64df80ff,
    type: 2}
  m_PrefabInternal: {fileID: 1432837037}
  m_GameObject: {fileID: 670276510}
  m_LocalRotation: {x: 0, y: 0, z: 0, w: 1}
  m_LocalPosition: {x: 0, y: 0, z: 0}
  m_LocalScale: {x: 1, y: 1, z: 1}
  m_Children: []
  m_Father: {fileID: 237089776}
  m_RootOrder: 14
  m_AnchorMin: {x: 0.5, y: 0.5}
  m_AnchorMax: {x: 0.5, y: 0.5}
  m_AnchoredPosition: {x: -55, y: 48}
  m_SizeDelta: {x: 81, y: 79}
  m_Pivot: {x: 0.5, y: 0.5}
--- !u!114 &670276512
MonoBehaviour:
  m_ObjectHideFlags: 0
  m_PrefabParentObject: {fileID: 11495130, guid: 9381c105a5f5ce64eb98c7aa64df80ff,
    type: 2}
  m_PrefabInternal: {fileID: 1432837037}
  m_GameObject: {fileID: 670276510}
  m_Enabled: 1
  m_EditorHideFlags: 0
  m_Script: {fileID: -765806418, guid: f5f67c52d1564df4a8936ccd202a3bd8, type: 3}
  m_Name: 
  m_EditorClassIdentifier: 
  m_Material: {fileID: 0}
  m_Color: {r: 0.39215687, g: 0.2784314, b: 0.28627452, a: 1}
  m_RaycastTarget: 1
  m_OnCullStateChanged:
    m_PersistentCalls:
      m_Calls: []
    m_TypeName: UnityEngine.UI.MaskableGraphic+CullStateChangedEvent, UnityEngine.UI,
      Version=1.0.0.0, Culture=neutral, PublicKeyToken=null
  m_Sprite: {fileID: 21300000, guid: f04f7faa5cfd8444a9b61e426135725f, type: 3}
  m_Type: 0
  m_PreserveAspect: 0
  m_FillCenter: 1
  m_FillMethod: 4
  m_FillAmount: 1
  m_FillClockwise: 1
  m_FillOrigin: 0
--- !u!222 &670276513
CanvasRenderer:
  m_ObjectHideFlags: 0
  m_PrefabParentObject: {fileID: 22295134, guid: 9381c105a5f5ce64eb98c7aa64df80ff,
    type: 2}
  m_PrefabInternal: {fileID: 1432837037}
  m_GameObject: {fileID: 670276510}
--- !u!1 &845825976
GameObject:
  m_ObjectHideFlags: 0
  m_PrefabParentObject: {fileID: 195126, guid: 9381c105a5f5ce64eb98c7aa64df80ff, type: 2}
  m_PrefabInternal: {fileID: 1432837037}
  serializedVersion: 4
  m_Component:
  - 224: {fileID: 845825977}
  - 222: {fileID: 845825979}
  - 114: {fileID: 845825978}
  m_Layer: 5
  m_Name: Line
  m_TagString: Untagged
  m_Icon: {fileID: 0}
  m_NavMeshLayer: 0
  m_StaticEditorFlags: 0
  m_IsActive: 1
--- !u!224 &845825977
RectTransform:
  m_ObjectHideFlags: 0
  m_PrefabParentObject: {fileID: 22495126, guid: 9381c105a5f5ce64eb98c7aa64df80ff,
    type: 2}
  m_PrefabInternal: {fileID: 1432837037}
  m_GameObject: {fileID: 845825976}
  m_LocalRotation: {x: 0, y: 0, z: 0, w: 1}
  m_LocalPosition: {x: 0, y: 0, z: 0}
  m_LocalScale: {x: 1, y: 1, z: 1}
  m_Children: []
  m_Father: {fileID: 237089776}
  m_RootOrder: 3
  m_AnchorMin: {x: 0.5, y: 0.5}
  m_AnchorMax: {x: 0.5, y: 0.5}
  m_AnchoredPosition: {x: -183, y: -12}
  m_SizeDelta: {x: 10, y: 124}
  m_Pivot: {x: 0.5, y: 0.5}
--- !u!114 &845825978
MonoBehaviour:
  m_ObjectHideFlags: 0
  m_PrefabParentObject: {fileID: 11495124, guid: 9381c105a5f5ce64eb98c7aa64df80ff,
    type: 2}
  m_PrefabInternal: {fileID: 1432837037}
  m_GameObject: {fileID: 845825976}
  m_Enabled: 1
  m_EditorHideFlags: 0
  m_Script: {fileID: -765806418, guid: f5f67c52d1564df4a8936ccd202a3bd8, type: 3}
  m_Name: 
  m_EditorClassIdentifier: 
  m_Material: {fileID: 0}
  m_Color: {r: 0.8784314, g: 0.72156864, b: 0.52156866, a: 1}
  m_RaycastTarget: 1
  m_OnCullStateChanged:
    m_PersistentCalls:
      m_Calls: []
    m_TypeName: UnityEngine.UI.MaskableGraphic+CullStateChangedEvent, UnityEngine.UI,
      Version=1.0.0.0, Culture=neutral, PublicKeyToken=null
  m_Sprite: {fileID: 21300000, guid: 7ed1238760b863f4aafde32ab3a6f28c, type: 3}
  m_Type: 1
  m_PreserveAspect: 0
  m_FillCenter: 1
  m_FillMethod: 4
  m_FillAmount: 1
  m_FillClockwise: 1
  m_FillOrigin: 0
--- !u!222 &845825979
CanvasRenderer:
  m_ObjectHideFlags: 0
  m_PrefabParentObject: {fileID: 22295128, guid: 9381c105a5f5ce64eb98c7aa64df80ff,
    type: 2}
  m_PrefabInternal: {fileID: 1432837037}
  m_GameObject: {fileID: 845825976}
--- !u!1 &877658864
GameObject:
  m_ObjectHideFlags: 0
  m_PrefabParentObject: {fileID: 195110, guid: 9381c105a5f5ce64eb98c7aa64df80ff, type: 2}
  m_PrefabInternal: {fileID: 1432837037}
  serializedVersion: 4
  m_Component:
  - 224: {fileID: 877658865}
  - 222: {fileID: 877658867}
  - 114: {fileID: 877658866}
  m_Layer: 5
  m_Name: Dot
  m_TagString: Untagged
  m_Icon: {fileID: 0}
  m_NavMeshLayer: 0
  m_StaticEditorFlags: 0
  m_IsActive: 1
--- !u!224 &877658865
RectTransform:
  m_ObjectHideFlags: 0
  m_PrefabParentObject: {fileID: 22495110, guid: 9381c105a5f5ce64eb98c7aa64df80ff,
    type: 2}
  m_PrefabInternal: {fileID: 1432837037}
  m_GameObject: {fileID: 877658864}
  m_LocalRotation: {x: 0, y: 0, z: 0, w: 1}
  m_LocalPosition: {x: 0, y: 0, z: 0}
  m_LocalScale: {x: 1, y: 1, z: 1}
  m_Children: []
  m_Father: {fileID: 237089776}
  m_RootOrder: 9
  m_AnchorMin: {x: 0.5, y: 0.5}
  m_AnchorMax: {x: 0.5, y: 0.5}
  m_AnchoredPosition: {x: -183, y: 176}
  m_SizeDelta: {x: 45, y: 44}
  m_Pivot: {x: 0.5, y: 0.5}
--- !u!114 &877658866
MonoBehaviour:
  m_ObjectHideFlags: 0
  m_PrefabParentObject: {fileID: 11495106, guid: 9381c105a5f5ce64eb98c7aa64df80ff,
    type: 2}
  m_PrefabInternal: {fileID: 1432837037}
  m_GameObject: {fileID: 877658864}
  m_Enabled: 1
  m_EditorHideFlags: 0
  m_Script: {fileID: -765806418, guid: f5f67c52d1564df4a8936ccd202a3bd8, type: 3}
  m_Name: 
  m_EditorClassIdentifier: 
  m_Material: {fileID: 0}
  m_Color: {r: 0.5372549, g: 0.6509804, b: 0.5647059, a: 1}
  m_RaycastTarget: 1
  m_OnCullStateChanged:
    m_PersistentCalls:
      m_Calls: []
    m_TypeName: UnityEngine.UI.MaskableGraphic+CullStateChangedEvent, UnityEngine.UI,
      Version=1.0.0.0, Culture=neutral, PublicKeyToken=null
  m_Sprite: {fileID: 21300000, guid: f04f7faa5cfd8444a9b61e426135725f, type: 3}
  m_Type: 0
  m_PreserveAspect: 0
  m_FillCenter: 1
  m_FillMethod: 4
  m_FillAmount: 1
  m_FillClockwise: 1
  m_FillOrigin: 0
--- !u!222 &877658867
CanvasRenderer:
  m_ObjectHideFlags: 0
  m_PrefabParentObject: {fileID: 22295112, guid: 9381c105a5f5ce64eb98c7aa64df80ff,
    type: 2}
  m_PrefabInternal: {fileID: 1432837037}
  m_GameObject: {fileID: 877658864}
--- !u!1 &909705634
GameObject:
  m_ObjectHideFlags: 0
  m_PrefabParentObject: {fileID: 195118, guid: 9381c105a5f5ce64eb98c7aa64df80ff, type: 2}
  m_PrefabInternal: {fileID: 1432837037}
  serializedVersion: 4
  m_Component:
  - 224: {fileID: 909705635}
  - 222: {fileID: 909705637}
  - 114: {fileID: 909705636}
  m_Layer: 5
  m_Name: Dot
  m_TagString: Untagged
  m_Icon: {fileID: 0}
  m_NavMeshLayer: 0
  m_StaticEditorFlags: 0
  m_IsActive: 1
--- !u!224 &909705635
RectTransform:
  m_ObjectHideFlags: 0
  m_PrefabParentObject: {fileID: 22495118, guid: 9381c105a5f5ce64eb98c7aa64df80ff,
    type: 2}
  m_PrefabInternal: {fileID: 1432837037}
  m_GameObject: {fileID: 909705634}
  m_LocalRotation: {x: 0, y: 0, z: 0, w: 1}
  m_LocalPosition: {x: 0, y: 0, z: 0}
  m_LocalScale: {x: 1, y: 1, z: 1}
  m_Children: []
  m_Father: {fileID: 237089776}
  m_RootOrder: 17
  m_AnchorMin: {x: 0.5, y: 0.5}
  m_AnchorMax: {x: 0.5, y: 0.5}
  m_AnchoredPosition: {x: 201, y: 48}
  m_SizeDelta: {x: 45, y: 44}
  m_Pivot: {x: 0.5, y: 0.5}
--- !u!114 &909705636
MonoBehaviour:
  m_ObjectHideFlags: 0
  m_PrefabParentObject: {fileID: 11495114, guid: 9381c105a5f5ce64eb98c7aa64df80ff,
    type: 2}
  m_PrefabInternal: {fileID: 1432837037}
  m_GameObject: {fileID: 909705634}
  m_Enabled: 1
  m_EditorHideFlags: 0
  m_Script: {fileID: -765806418, guid: f5f67c52d1564df4a8936ccd202a3bd8, type: 3}
  m_Name: 
  m_EditorClassIdentifier: 
  m_Material: {fileID: 0}
  m_Color: {r: 0.88235295, g: 0.7254902, b: 0.5254902, a: 1}
  m_RaycastTarget: 1
  m_OnCullStateChanged:
    m_PersistentCalls:
      m_Calls: []
    m_TypeName: UnityEngine.UI.MaskableGraphic+CullStateChangedEvent, UnityEngine.UI,
      Version=1.0.0.0, Culture=neutral, PublicKeyToken=null
  m_Sprite: {fileID: 21300000, guid: f04f7faa5cfd8444a9b61e426135725f, type: 3}
  m_Type: 0
  m_PreserveAspect: 0
  m_FillCenter: 1
  m_FillMethod: 4
  m_FillAmount: 1
  m_FillClockwise: 1
  m_FillOrigin: 0
--- !u!222 &909705637
CanvasRenderer:
  m_ObjectHideFlags: 0
  m_PrefabParentObject: {fileID: 22295120, guid: 9381c105a5f5ce64eb98c7aa64df80ff,
    type: 2}
  m_PrefabInternal: {fileID: 1432837037}
  m_GameObject: {fileID: 909705634}
--- !u!1 &1053234208
GameObject:
  m_ObjectHideFlags: 0
  m_PrefabParentObject: {fileID: 195136, guid: 9381c105a5f5ce64eb98c7aa64df80ff, type: 2}
  m_PrefabInternal: {fileID: 1432837037}
  serializedVersion: 4
  m_Component:
  - 224: {fileID: 1053234209}
  - 222: {fileID: 1053234211}
  - 114: {fileID: 1053234210}
  m_Layer: 5
  m_Name: Dot
  m_TagString: Untagged
  m_Icon: {fileID: 0}
  m_NavMeshLayer: 0
  m_StaticEditorFlags: 0
  m_IsActive: 1
--- !u!224 &1053234209
RectTransform:
  m_ObjectHideFlags: 0
  m_PrefabParentObject: {fileID: 22495136, guid: 9381c105a5f5ce64eb98c7aa64df80ff,
    type: 2}
  m_PrefabInternal: {fileID: 1432837037}
  m_GameObject: {fileID: 1053234208}
  m_LocalRotation: {x: 0, y: 0, z: 0, w: 1}
  m_LocalPosition: {x: 0, y: 0, z: 0}
  m_LocalScale: {x: 1, y: 1, z: 1}
  m_Children: []
  m_Father: {fileID: 237089776}
  m_RootOrder: 24
  m_AnchorMin: {x: 0.5, y: 0.5}
  m_AnchorMax: {x: 0.5, y: 0.5}
  m_AnchoredPosition: {x: 73, y: -208}
  m_SizeDelta: {x: 45, y: 44}
  m_Pivot: {x: 0.5, y: 0.5}
--- !u!114 &1053234210
MonoBehaviour:
  m_ObjectHideFlags: 0
  m_PrefabParentObject: {fileID: 11495134, guid: 9381c105a5f5ce64eb98c7aa64df80ff,
    type: 2}
  m_PrefabInternal: {fileID: 1432837037}
  m_GameObject: {fileID: 1053234208}
  m_Enabled: 1
  m_EditorHideFlags: 0
  m_Script: {fileID: -765806418, guid: f5f67c52d1564df4a8936ccd202a3bd8, type: 3}
  m_Name: 
  m_EditorClassIdentifier: 
  m_Material: {fileID: 0}
  m_Color: {r: 0.6862745, g: 0.62352943, b: 0.6, a: 1}
  m_RaycastTarget: 1
  m_OnCullStateChanged:
    m_PersistentCalls:
      m_Calls: []
    m_TypeName: UnityEngine.UI.MaskableGraphic+CullStateChangedEvent, UnityEngine.UI,
      Version=1.0.0.0, Culture=neutral, PublicKeyToken=null
  m_Sprite: {fileID: 21300000, guid: f04f7faa5cfd8444a9b61e426135725f, type: 3}
  m_Type: 0
  m_PreserveAspect: 0
  m_FillCenter: 1
  m_FillMethod: 4
  m_FillAmount: 1
  m_FillClockwise: 1
  m_FillOrigin: 0
--- !u!222 &1053234211
CanvasRenderer:
  m_ObjectHideFlags: 0
  m_PrefabParentObject: {fileID: 22295138, guid: 9381c105a5f5ce64eb98c7aa64df80ff,
    type: 2}
  m_PrefabInternal: {fileID: 1432837037}
  m_GameObject: {fileID: 1053234208}
--- !u!1 &1060715756
GameObject:
  m_ObjectHideFlags: 0
  m_PrefabParentObject: {fileID: 195160, guid: 9381c105a5f5ce64eb98c7aa64df80ff, type: 2}
  m_PrefabInternal: {fileID: 1432837037}
  serializedVersion: 4
  m_Component:
  - 224: {fileID: 1060715757}
  - 222: {fileID: 1060715759}
  - 114: {fileID: 1060715758}
  m_Layer: 5
  m_Name: Line
  m_TagString: Untagged
  m_Icon: {fileID: 0}
  m_NavMeshLayer: 0
  m_StaticEditorFlags: 0
  m_IsActive: 1
--- !u!224 &1060715757
RectTransform:
  m_ObjectHideFlags: 0
  m_PrefabParentObject: {fileID: 22495160, guid: 9381c105a5f5ce64eb98c7aa64df80ff,
    type: 2}
  m_PrefabInternal: {fileID: 1432837037}
  m_GameObject: {fileID: 1060715756}
  m_LocalRotation: {x: 0, y: 0, z: 0, w: 1}
  m_LocalPosition: {x: 0, y: 0, z: 0}
  m_LocalScale: {x: 1, y: 1, z: 1}
  m_Children: []
  m_Father: {fileID: 237089776}
  m_RootOrder: 4
  m_AnchorMin: {x: 0.5, y: 0.5}
  m_AnchorMax: {x: 0.5, y: 0.5}
  m_AnchoredPosition: {x: 73, y: 236}
  m_SizeDelta: {x: 10, y: 124}
  m_Pivot: {x: 0.5, y: 0.5}
--- !u!114 &1060715758
MonoBehaviour:
  m_ObjectHideFlags: 0
  m_PrefabParentObject: {fileID: 11495158, guid: 9381c105a5f5ce64eb98c7aa64df80ff,
    type: 2}
  m_PrefabInternal: {fileID: 1432837037}
  m_GameObject: {fileID: 1060715756}
  m_Enabled: 1
  m_EditorHideFlags: 0
  m_Script: {fileID: -765806418, guid: f5f67c52d1564df4a8936ccd202a3bd8, type: 3}
  m_Name: 
  m_EditorClassIdentifier: 
  m_Material: {fileID: 0}
  m_Color: {r: 0.8784314, g: 0.72156864, b: 0.52156866, a: 1}
  m_RaycastTarget: 1
  m_OnCullStateChanged:
    m_PersistentCalls:
      m_Calls: []
    m_TypeName: UnityEngine.UI.MaskableGraphic+CullStateChangedEvent, UnityEngine.UI,
      Version=1.0.0.0, Culture=neutral, PublicKeyToken=null
  m_Sprite: {fileID: 21300000, guid: 7ed1238760b863f4aafde32ab3a6f28c, type: 3}
  m_Type: 1
  m_PreserveAspect: 0
  m_FillCenter: 1
  m_FillMethod: 4
  m_FillAmount: 1
  m_FillClockwise: 1
  m_FillOrigin: 0
--- !u!222 &1060715759
CanvasRenderer:
  m_ObjectHideFlags: 0
  m_PrefabParentObject: {fileID: 22295162, guid: 9381c105a5f5ce64eb98c7aa64df80ff,
    type: 2}
  m_PrefabInternal: {fileID: 1432837037}
  m_GameObject: {fileID: 1060715756}
--- !u!1 &1068649181
GameObject:
  m_ObjectHideFlags: 0
  m_PrefabParentObject: {fileID: 195124, guid: 9381c105a5f5ce64eb98c7aa64df80ff, type: 2}
  m_PrefabInternal: {fileID: 1432837037}
  serializedVersion: 4
  m_Component:
  - 224: {fileID: 1068649182}
  - 222: {fileID: 1068649184}
  - 114: {fileID: 1068649183}
  m_Layer: 5
  m_Name: Dot
  m_TagString: Untagged
  m_Icon: {fileID: 0}
  m_NavMeshLayer: 0
  m_StaticEditorFlags: 0
  m_IsActive: 1
--- !u!224 &1068649182
RectTransform:
  m_ObjectHideFlags: 0
  m_PrefabParentObject: {fileID: 22495124, guid: 9381c105a5f5ce64eb98c7aa64df80ff,
    type: 2}
  m_PrefabInternal: {fileID: 1432837037}
  m_GameObject: {fileID: 1068649181}
  m_LocalRotation: {x: 0, y: 0, z: 0, w: 1}
  m_LocalPosition: {x: 0, y: 0, z: 0}
  m_LocalScale: {x: 1, y: 1, z: 1}
  m_Children: []
  m_Father: {fileID: 237089776}
  m_RootOrder: 8
  m_AnchorMin: {x: 0.5, y: 0.5}
  m_AnchorMax: {x: 0.5, y: 0.5}
  m_AnchoredPosition: {x: -55, y: -80}
  m_SizeDelta: {x: 45, y: 44}
  m_Pivot: {x: 0.5, y: 0.5}
--- !u!114 &1068649183
MonoBehaviour:
  m_ObjectHideFlags: 0
  m_PrefabParentObject: {fileID: 11495122, guid: 9381c105a5f5ce64eb98c7aa64df80ff,
    type: 2}
  m_PrefabInternal: {fileID: 1432837037}
  m_GameObject: {fileID: 1068649181}
  m_Enabled: 1
  m_EditorHideFlags: 0
  m_Script: {fileID: -765806418, guid: f5f67c52d1564df4a8936ccd202a3bd8, type: 3}
  m_Name: 
  m_EditorClassIdentifier: 
  m_Material: {fileID: 0}
  m_Color: {r: 0.39215687, g: 0.2784314, b: 0.28627452, a: 1}
  m_RaycastTarget: 1
  m_OnCullStateChanged:
    m_PersistentCalls:
      m_Calls: []
    m_TypeName: UnityEngine.UI.MaskableGraphic+CullStateChangedEvent, UnityEngine.UI,
      Version=1.0.0.0, Culture=neutral, PublicKeyToken=null
  m_Sprite: {fileID: 21300000, guid: f04f7faa5cfd8444a9b61e426135725f, type: 3}
  m_Type: 0
  m_PreserveAspect: 0
  m_FillCenter: 1
  m_FillMethod: 4
  m_FillAmount: 1
  m_FillClockwise: 1
  m_FillOrigin: 0
--- !u!222 &1068649184
CanvasRenderer:
  m_ObjectHideFlags: 0
  m_PrefabParentObject: {fileID: 22295126, guid: 9381c105a5f5ce64eb98c7aa64df80ff,
    type: 2}
  m_PrefabInternal: {fileID: 1432837037}
  m_GameObject: {fileID: 1068649181}
--- !u!1 &1089152519
GameObject:
  m_ObjectHideFlags: 0
  m_PrefabParentObject: {fileID: 195134, guid: 9381c105a5f5ce64eb98c7aa64df80ff, type: 2}
  m_PrefabInternal: {fileID: 1432837037}
  serializedVersion: 4
  m_Component:
  - 224: {fileID: 1089152520}
  - 222: {fileID: 1089152522}
  - 114: {fileID: 1089152521}
  m_Layer: 5
  m_Name: Text
  m_TagString: Untagged
  m_Icon: {fileID: 0}
  m_NavMeshLayer: 0
  m_StaticEditorFlags: 0
  m_IsActive: 1
--- !u!224 &1089152520
RectTransform:
  m_ObjectHideFlags: 0
  m_PrefabParentObject: {fileID: 22495134, guid: 9381c105a5f5ce64eb98c7aa64df80ff,
    type: 2}
  m_PrefabInternal: {fileID: 1432837037}
  m_GameObject: {fileID: 1089152519}
  m_LocalRotation: {x: 0, y: 0, z: 0, w: 1}
  m_LocalPosition: {x: 0, y: 0, z: 0}
  m_LocalScale: {x: 1, y: 1, z: 1}
  m_Children: []
  m_Father: {fileID: 448742667}
  m_RootOrder: 0
  m_AnchorMin: {x: 0.5, y: 0.5}
  m_AnchorMax: {x: 0.5, y: 0.5}
  m_AnchoredPosition: {x: 0, y: -56}
  m_SizeDelta: {x: 284, y: 124}
  m_Pivot: {x: 0.5, y: 0.5}
--- !u!114 &1089152521
MonoBehaviour:
  m_ObjectHideFlags: 0
  m_PrefabParentObject: {fileID: 11495132, guid: 9381c105a5f5ce64eb98c7aa64df80ff,
    type: 2}
  m_PrefabInternal: {fileID: 1432837037}
  m_GameObject: {fileID: 1089152519}
  m_Enabled: 1
  m_EditorHideFlags: 0
  m_Script: {fileID: 708705254, guid: f5f67c52d1564df4a8936ccd202a3bd8, type: 3}
  m_Name: 
  m_EditorClassIdentifier: 
  m_Material: {fileID: 0}
  m_Color: {r: 0.68235296, g: 0.61960787, b: 0.59607846, a: 1}
  m_RaycastTarget: 1
  m_OnCullStateChanged:
    m_PersistentCalls:
      m_Calls: []
    m_TypeName: UnityEngine.UI.MaskableGraphic+CullStateChangedEvent, UnityEngine.UI,
      Version=1.0.0.0, Culture=neutral, PublicKeyToken=null
  m_FontData:
    m_Font: {fileID: 12800000, guid: bd1ea67ca2b5742d1a24fcbdc17c55e1, type: 3}
    m_FontSize: 30
    m_FontStyle: 0
    m_BestFit: 0
    m_MinSize: 10
    m_MaxSize: 40
    m_Alignment: 4
    m_AlignByGeometry: 0
    m_RichText: 1
    m_HorizontalOverflow: 0
    m_VerticalOverflow: 0
    m_LineSpacing: 1
  m_Text: record points
--- !u!222 &1089152522
CanvasRenderer:
  m_ObjectHideFlags: 0
  m_PrefabParentObject: {fileID: 22295136, guid: 9381c105a5f5ce64eb98c7aa64df80ff,
    type: 2}
  m_PrefabInternal: {fileID: 1432837037}
  m_GameObject: {fileID: 1089152519}
--- !u!1 &1153312934
GameObject:
  m_ObjectHideFlags: 0
  m_PrefabParentObject: {fileID: 195104, guid: 9381c105a5f5ce64eb98c7aa64df80ff, type: 2}
  m_PrefabInternal: {fileID: 1432837037}
  serializedVersion: 4
  m_Component:
  - 224: {fileID: 1153312935}
  - 222: {fileID: 1153312937}
  - 114: {fileID: 1153312936}
  m_Layer: 5
  m_Name: Dot
  m_TagString: Untagged
  m_Icon: {fileID: 0}
  m_NavMeshLayer: 0
  m_StaticEditorFlags: 0
  m_IsActive: 1
--- !u!224 &1153312935
RectTransform:
  m_ObjectHideFlags: 0
  m_PrefabParentObject: {fileID: 22495104, guid: 9381c105a5f5ce64eb98c7aa64df80ff,
    type: 2}
  m_PrefabInternal: {fileID: 1432837037}
  m_GameObject: {fileID: 1153312934}
  m_LocalRotation: {x: 0, y: 0, z: 0, w: 1}
  m_LocalPosition: {x: 0, y: 0, z: 0}
  m_LocalScale: {x: 1, y: 1, z: 1}
  m_Children: []
  m_Father: {fileID: 237089776}
  m_RootOrder: 19
  m_AnchorMin: {x: 0.5, y: 0.5}
  m_AnchorMax: {x: 0.5, y: 0.5}
  m_AnchoredPosition: {x: -183, y: -208}
  m_SizeDelta: {x: 45, y: 44}
  m_Pivot: {x: 0.5, y: 0.5}
--- !u!114 &1153312936
MonoBehaviour:
  m_ObjectHideFlags: 0
  m_PrefabParentObject: {fileID: 11495100, guid: 9381c105a5f5ce64eb98c7aa64df80ff,
    type: 2}
  m_PrefabInternal: {fileID: 1432837037}
  m_GameObject: {fileID: 1153312934}
  m_Enabled: 1
  m_EditorHideFlags: 0
  m_Script: {fileID: -765806418, guid: f5f67c52d1564df4a8936ccd202a3bd8, type: 3}
  m_Name: 
  m_EditorClassIdentifier: 
  m_Material: {fileID: 0}
  m_Color: {r: 0.6862745, g: 0.4117647, b: 0.3529412, a: 1}
  m_RaycastTarget: 1
  m_OnCullStateChanged:
    m_PersistentCalls:
      m_Calls: []
    m_TypeName: UnityEngine.UI.MaskableGraphic+CullStateChangedEvent, UnityEngine.UI,
      Version=1.0.0.0, Culture=neutral, PublicKeyToken=null
  m_Sprite: {fileID: 21300000, guid: f04f7faa5cfd8444a9b61e426135725f, type: 3}
  m_Type: 0
  m_PreserveAspect: 0
  m_FillCenter: 1
  m_FillMethod: 4
  m_FillAmount: 1
  m_FillClockwise: 1
  m_FillOrigin: 0
--- !u!222 &1153312937
CanvasRenderer:
  m_ObjectHideFlags: 0
  m_PrefabParentObject: {fileID: 22295106, guid: 9381c105a5f5ce64eb98c7aa64df80ff,
    type: 2}
  m_PrefabInternal: {fileID: 1432837037}
  m_GameObject: {fileID: 1153312934}
--- !u!1 &1207062558
GameObject:
  m_ObjectHideFlags: 0
  m_PrefabParentObject: {fileID: 195116, guid: 9381c105a5f5ce64eb98c7aa64df80ff, type: 2}
  m_PrefabInternal: {fileID: 1432837037}
  serializedVersion: 4
  m_Component:
  - 224: {fileID: 1207062559}
  - 222: {fileID: 1207062561}
  - 114: {fileID: 1207062560}
  m_Layer: 5
  m_Name: Dot
  m_TagString: Untagged
  m_Icon: {fileID: 0}
  m_NavMeshLayer: 0
  m_StaticEditorFlags: 0
  m_IsActive: 1
--- !u!224 &1207062559
RectTransform:
  m_ObjectHideFlags: 0
  m_PrefabParentObject: {fileID: 22495116, guid: 9381c105a5f5ce64eb98c7aa64df80ff,
    type: 2}
  m_PrefabInternal: {fileID: 1432837037}
  m_GameObject: {fileID: 1207062558}
  m_LocalRotation: {x: 0, y: 0, z: 0, w: 1}
  m_LocalPosition: {x: 0, y: 0, z: 0}
  m_LocalScale: {x: 1, y: 1, z: 1}
  m_Children: []
  m_Father: {fileID: 237089776}
  m_RootOrder: 26
  m_AnchorMin: {x: 0.5, y: 0.5}
  m_AnchorMax: {x: 0.5, y: 0.5}
  m_AnchoredPosition: {x: 73, y: 300}
  m_SizeDelta: {x: 45, y: 44}
  m_Pivot: {x: 0.5, y: 0.5}
--- !u!114 &1207062560
MonoBehaviour:
  m_ObjectHideFlags: 0
  m_PrefabParentObject: {fileID: 11495112, guid: 9381c105a5f5ce64eb98c7aa64df80ff,
    type: 2}
  m_PrefabInternal: {fileID: 1432837037}
  m_GameObject: {fileID: 1207062558}
  m_Enabled: 1
  m_EditorHideFlags: 0
  m_Script: {fileID: -765806418, guid: f5f67c52d1564df4a8936ccd202a3bd8, type: 3}
  m_Name: 
  m_EditorClassIdentifier: 
  m_Material: {fileID: 0}
  m_Color: {r: 0.39215687, g: 0.2784314, b: 0.28627452, a: 1}
  m_RaycastTarget: 1
  m_OnCullStateChanged:
    m_PersistentCalls:
      m_Calls: []
    m_TypeName: UnityEngine.UI.MaskableGraphic+CullStateChangedEvent, UnityEngine.UI,
      Version=1.0.0.0, Culture=neutral, PublicKeyToken=null
  m_Sprite: {fileID: 21300000, guid: f04f7faa5cfd8444a9b61e426135725f, type: 3}
  m_Type: 0
  m_PreserveAspect: 0
  m_FillCenter: 1
  m_FillMethod: 4
  m_FillAmount: 1
  m_FillClockwise: 1
  m_FillOrigin: 0
--- !u!222 &1207062561
CanvasRenderer:
  m_ObjectHideFlags: 0
  m_PrefabParentObject: {fileID: 22295118, guid: 9381c105a5f5ce64eb98c7aa64df80ff,
    type: 2}
  m_PrefabInternal: {fileID: 1432837037}
  m_GameObject: {fileID: 1207062558}
--- !u!1 &1236925920
GameObject:
  m_ObjectHideFlags: 0
  m_PrefabParentObject: {fileID: 195114, guid: 9381c105a5f5ce64eb98c7aa64df80ff, type: 2}
  m_PrefabInternal: {fileID: 1432837037}
  serializedVersion: 4
  m_Component:
  - 224: {fileID: 1236925921}
  - 222: {fileID: 1236925923}
  - 114: {fileID: 1236925922}
  m_Layer: 5
  m_Name: AppTitle
  m_TagString: Untagged
  m_Icon: {fileID: 0}
  m_NavMeshLayer: 0
  m_StaticEditorFlags: 0
  m_IsActive: 1
--- !u!224 &1236925921
RectTransform:
  m_ObjectHideFlags: 0
  m_PrefabParentObject: {fileID: 22495114, guid: 9381c105a5f5ce64eb98c7aa64df80ff,
    type: 2}
  m_PrefabInternal: {fileID: 1432837037}
  m_GameObject: {fileID: 1236925920}
  m_LocalRotation: {x: 0, y: 0, z: 0, w: 1}
  m_LocalPosition: {x: 0, y: 0, z: 0}
  m_LocalScale: {x: 1, y: 1, z: 1}
  m_Children: []
  m_Father: {fileID: 647356454}
  m_RootOrder: 0
  m_AnchorMin: {x: 0.5, y: 0.5}
  m_AnchorMax: {x: 0.5, y: 0.5}
  m_AnchoredPosition: {x: 295, y: -68}
  m_SizeDelta: {x: 695, y: 109}
  m_Pivot: {x: 0.5, y: 0.5}
--- !u!114 &1236925922
MonoBehaviour:
  m_ObjectHideFlags: 0
  m_PrefabParentObject: {fileID: 11495110, guid: 9381c105a5f5ce64eb98c7aa64df80ff,
    type: 2}
  m_PrefabInternal: {fileID: 1432837037}
  m_GameObject: {fileID: 1236925920}
  m_Enabled: 1
  m_EditorHideFlags: 0
  m_Script: {fileID: 708705254, guid: f5f67c52d1564df4a8936ccd202a3bd8, type: 3}
  m_Name: 
  m_EditorClassIdentifier: 
  m_Material: {fileID: 0}
  m_Color: {r: 0.85490197, g: 0.85490197, b: 0.85490197, a: 1}
  m_RaycastTarget: 1
  m_OnCullStateChanged:
    m_PersistentCalls:
      m_Calls: []
    m_TypeName: UnityEngine.UI.MaskableGraphic+CullStateChangedEvent, UnityEngine.UI,
      Version=1.0.0.0, Culture=neutral, PublicKeyToken=null
  m_FontData:
    m_Font: {fileID: 12800000, guid: 218956a5c2a6e42d6a60afccf80b002b, type: 3}
    m_FontSize: 40
    m_FontStyle: 0
    m_BestFit: 0
    m_MinSize: 10
    m_MaxSize: 40
    m_Alignment: 0
    m_AlignByGeometry: 0
    m_RichText: 1
    m_HorizontalOverflow: 0
    m_VerticalOverflow: 1
    m_LineSpacing: 1
  m_Text: EXAMPLE
--- !u!222 &1236925923
CanvasRenderer:
  m_ObjectHideFlags: 0
  m_PrefabParentObject: {fileID: 22295116, guid: 9381c105a5f5ce64eb98c7aa64df80ff,
    type: 2}
  m_PrefabInternal: {fileID: 1432837037}
  m_GameObject: {fileID: 1236925920}
--- !u!1001 &1432837037
Prefab:
  m_ObjectHideFlags: 0
  serializedVersion: 2
  m_Modification:
    m_TransformParent: {fileID: 0}
    m_Modifications:
    - target: {fileID: 22495164, guid: 9381c105a5f5ce64eb98c7aa64df80ff, type: 2}
      propertyPath: m_LocalPosition.x
      value: 0
      objectReference: {fileID: 0}
    - target: {fileID: 22495164, guid: 9381c105a5f5ce64eb98c7aa64df80ff, type: 2}
      propertyPath: m_LocalPosition.y
      value: 0
      objectReference: {fileID: 0}
    - target: {fileID: 22495164, guid: 9381c105a5f5ce64eb98c7aa64df80ff, type: 2}
      propertyPath: m_LocalPosition.z
      value: 0
      objectReference: {fileID: 0}
    - target: {fileID: 22495164, guid: 9381c105a5f5ce64eb98c7aa64df80ff, type: 2}
      propertyPath: m_LocalRotation.x
      value: 0
      objectReference: {fileID: 0}
    - target: {fileID: 22495164, guid: 9381c105a5f5ce64eb98c7aa64df80ff, type: 2}
      propertyPath: m_LocalRotation.y
      value: 0
      objectReference: {fileID: 0}
    - target: {fileID: 22495164, guid: 9381c105a5f5ce64eb98c7aa64df80ff, type: 2}
      propertyPath: m_LocalRotation.z
      value: 0
      objectReference: {fileID: 0}
    - target: {fileID: 22495164, guid: 9381c105a5f5ce64eb98c7aa64df80ff, type: 2}
      propertyPath: m_LocalRotation.w
      value: 1
      objectReference: {fileID: 0}
    - target: {fileID: 22495164, guid: 9381c105a5f5ce64eb98c7aa64df80ff, type: 2}
      propertyPath: m_RootOrder
      value: 0
      objectReference: {fileID: 0}
    - target: {fileID: 22495164, guid: 9381c105a5f5ce64eb98c7aa64df80ff, type: 2}
      propertyPath: m_AnchoredPosition.x
      value: 0
      objectReference: {fileID: 0}
    - target: {fileID: 22495164, guid: 9381c105a5f5ce64eb98c7aa64df80ff, type: 2}
      propertyPath: m_AnchoredPosition.y
      value: 0
      objectReference: {fileID: 0}
    - target: {fileID: 22495164, guid: 9381c105a5f5ce64eb98c7aa64df80ff, type: 2}
      propertyPath: m_SizeDelta.x
      value: 0
      objectReference: {fileID: 0}
    - target: {fileID: 22495164, guid: 9381c105a5f5ce64eb98c7aa64df80ff, type: 2}
      propertyPath: m_SizeDelta.y
      value: 0
      objectReference: {fileID: 0}
    - target: {fileID: 22495164, guid: 9381c105a5f5ce64eb98c7aa64df80ff, type: 2}
      propertyPath: m_AnchorMin.x
      value: 0
      objectReference: {fileID: 0}
    - target: {fileID: 22495164, guid: 9381c105a5f5ce64eb98c7aa64df80ff, type: 2}
      propertyPath: m_AnchorMin.y
      value: 0
      objectReference: {fileID: 0}
    - target: {fileID: 22495164, guid: 9381c105a5f5ce64eb98c7aa64df80ff, type: 2}
      propertyPath: m_AnchorMax.x
      value: 0
      objectReference: {fileID: 0}
    - target: {fileID: 22495164, guid: 9381c105a5f5ce64eb98c7aa64df80ff, type: 2}
      propertyPath: m_AnchorMax.y
      value: 0
      objectReference: {fileID: 0}
    - target: {fileID: 22495164, guid: 9381c105a5f5ce64eb98c7aa64df80ff, type: 2}
      propertyPath: m_Pivot.x
      value: 0
      objectReference: {fileID: 0}
    - target: {fileID: 22495164, guid: 9381c105a5f5ce64eb98c7aa64df80ff, type: 2}
      propertyPath: m_Pivot.y
      value: 0
      objectReference: {fileID: 0}
    m_RemovedComponents: []
  m_ParentPrefab: {fileID: 100100000, guid: 9381c105a5f5ce64eb98c7aa64df80ff, type: 2}
  m_RootGameObject: {fileID: 502917708}
  m_IsPrefabParent: 0
--- !u!1 &1496951507
GameObject:
  m_ObjectHideFlags: 0
  m_PrefabParentObject: {fileID: 195122, guid: 9381c105a5f5ce64eb98c7aa64df80ff, type: 2}
  m_PrefabInternal: {fileID: 1432837037}
  serializedVersion: 4
  m_Component:
  - 224: {fileID: 1496951508}
  - 222: {fileID: 1496951510}
  - 114: {fileID: 1496951509}
  m_Layer: 5
  m_Name: Dot
  m_TagString: Untagged
  m_Icon: {fileID: 0}
  m_NavMeshLayer: 0
  m_StaticEditorFlags: 0
  m_IsActive: 1
--- !u!224 &1496951508
RectTransform:
  m_ObjectHideFlags: 0
  m_PrefabParentObject: {fileID: 22495122, guid: 9381c105a5f5ce64eb98c7aa64df80ff,
    type: 2}
  m_PrefabInternal: {fileID: 1432837037}
  m_GameObject: {fileID: 1496951507}
  m_LocalRotation: {x: 0, y: 0, z: 0, w: 1}
  m_LocalPosition: {x: 0, y: 0, z: 0}
  m_LocalScale: {x: 1, y: 1, z: 1}
  m_Children: []
  m_Father: {fileID: 237089776}
  m_RootOrder: 13
  m_AnchorMin: {x: 0.5, y: 0.5}
  m_AnchorMax: {x: 0.5, y: 0.5}
  m_AnchoredPosition: {x: -183, y: 48}
  m_SizeDelta: {x: 45, y: 44}
  m_Pivot: {x: 0.5, y: 0.5}
--- !u!114 &1496951509
MonoBehaviour:
  m_ObjectHideFlags: 0
  m_PrefabParentObject: {fileID: 11495120, guid: 9381c105a5f5ce64eb98c7aa64df80ff,
    type: 2}
  m_PrefabInternal: {fileID: 1432837037}
  m_GameObject: {fileID: 1496951507}
  m_Enabled: 1
  m_EditorHideFlags: 0
  m_Script: {fileID: -765806418, guid: f5f67c52d1564df4a8936ccd202a3bd8, type: 3}
  m_Name: 
  m_EditorClassIdentifier: 
  m_Material: {fileID: 0}
  m_Color: {r: 0.6862745, g: 0.4117647, b: 0.3529412, a: 1}
  m_RaycastTarget: 1
  m_OnCullStateChanged:
    m_PersistentCalls:
      m_Calls: []
    m_TypeName: UnityEngine.UI.MaskableGraphic+CullStateChangedEvent, UnityEngine.UI,
      Version=1.0.0.0, Culture=neutral, PublicKeyToken=null
  m_Sprite: {fileID: 21300000, guid: f04f7faa5cfd8444a9b61e426135725f, type: 3}
  m_Type: 0
  m_PreserveAspect: 0
  m_FillCenter: 1
  m_FillMethod: 4
  m_FillAmount: 1
  m_FillClockwise: 1
  m_FillOrigin: 0
--- !u!222 &1496951510
CanvasRenderer:
  m_ObjectHideFlags: 0
  m_PrefabParentObject: {fileID: 22295124, guid: 9381c105a5f5ce64eb98c7aa64df80ff,
    type: 2}
  m_PrefabInternal: {fileID: 1432837037}
  m_GameObject: {fileID: 1496951507}
--- !u!1 &1500371475
GameObject:
  m_ObjectHideFlags: 0
  m_PrefabParentObject: {fileID: 0}
  m_PrefabInternal: {fileID: 0}
  serializedVersion: 4
  m_Component:
  - 4: {fileID: 1500371479}
  - 114: {fileID: 1500371478}
  - 114: {fileID: 1500371477}
  - 114: {fileID: 1500371476}
  m_Layer: 0
  m_Name: EventSystem
  m_TagString: Untagged
  m_Icon: {fileID: 0}
  m_NavMeshLayer: 0
  m_StaticEditorFlags: 0
  m_IsActive: 1
--- !u!114 &1500371476
MonoBehaviour:
  m_ObjectHideFlags: 0
  m_PrefabParentObject: {fileID: 0}
  m_PrefabInternal: {fileID: 0}
  m_GameObject: {fileID: 1500371475}
  m_Enabled: 1
  m_EditorHideFlags: 0
  m_Script: {fileID: 1997211142, guid: f5f67c52d1564df4a8936ccd202a3bd8, type: 3}
  m_Name: 
  m_EditorClassIdentifier: 
  m_ForceModuleActive: 0
--- !u!114 &1500371477
MonoBehaviour:
  m_ObjectHideFlags: 0
  m_PrefabParentObject: {fileID: 0}
  m_PrefabInternal: {fileID: 0}
  m_GameObject: {fileID: 1500371475}
  m_Enabled: 1
  m_EditorHideFlags: 0
  m_Script: {fileID: 1077351063, guid: f5f67c52d1564df4a8936ccd202a3bd8, type: 3}
  m_Name: 
  m_EditorClassIdentifier: 
  m_HorizontalAxis: Horizontal
  m_VerticalAxis: Vertical
  m_SubmitButton: Submit
  m_CancelButton: Cancel
  m_InputActionsPerSecond: 10
  m_RepeatDelay: 0.5
  m_ForceModuleActive: 0
--- !u!114 &1500371478
MonoBehaviour:
  m_ObjectHideFlags: 0
  m_PrefabParentObject: {fileID: 0}
  m_PrefabInternal: {fileID: 0}
  m_GameObject: {fileID: 1500371475}
  m_Enabled: 1
  m_EditorHideFlags: 0
  m_Script: {fileID: -619905303, guid: f5f67c52d1564df4a8936ccd202a3bd8, type: 3}
  m_Name: 
  m_EditorClassIdentifier: 
  m_FirstSelected: {fileID: 0}
  m_sendNavigationEvents: 1
  m_DragThreshold: 5
--- !u!4 &1500371479
Transform:
  m_ObjectHideFlags: 0
  m_PrefabParentObject: {fileID: 0}
  m_PrefabInternal: {fileID: 0}
  m_GameObject: {fileID: 1500371475}
  m_LocalRotation: {x: 0, y: 0, z: 0, w: 1}
  m_LocalPosition: {x: 0, y: 0, z: 0}
  m_LocalScale: {x: 1, y: 1, z: 1}
  m_Children: []
  m_Father: {fileID: 0}
  m_RootOrder: 1
--- !u!1 &1511305452
GameObject:
  m_ObjectHideFlags: 0
  m_PrefabParentObject: {fileID: 0}
  m_PrefabInternal: {fileID: 0}
  serializedVersion: 4
  m_Component:
  - 4: {fileID: 1511305453}
  m_Layer: 0
  m_Name: __SET_YOUR_GAMESCREEN_TO_640x1136
  m_TagString: Untagged
  m_Icon: {fileID: 0}
  m_NavMeshLayer: 0
  m_StaticEditorFlags: 0
  m_IsActive: 1
--- !u!4 &1511305453
Transform:
  m_ObjectHideFlags: 0
  m_PrefabParentObject: {fileID: 0}
  m_PrefabInternal: {fileID: 0}
  m_GameObject: {fileID: 1511305452}
  m_LocalRotation: {x: 0, y: 0, z: 0, w: 1}
  m_LocalPosition: {x: 494.995, y: 627.74, z: 0}
  m_LocalScale: {x: 1, y: 1, z: 1}
  m_Children: []
  m_Father: {fileID: 0}
  m_RootOrder: 2
--- !u!1 &1552562817
GameObject:
  m_ObjectHideFlags: 0
  m_PrefabParentObject: {fileID: 195130, guid: 9381c105a5f5ce64eb98c7aa64df80ff, type: 2}
  m_PrefabInternal: {fileID: 1432837037}
  serializedVersion: 4
  m_Component:
  - 224: {fileID: 1552562818}
  - 222: {fileID: 1552562820}
  - 114: {fileID: 1552562819}
  m_Layer: 5
  m_Name: Line
  m_TagString: Untagged
  m_Icon: {fileID: 0}
  m_NavMeshLayer: 0
  m_StaticEditorFlags: 0
  m_IsActive: 1
--- !u!224 &1552562818
RectTransform:
  m_ObjectHideFlags: 0
  m_PrefabParentObject: {fileID: 22495130, guid: 9381c105a5f5ce64eb98c7aa64df80ff,
    type: 2}
  m_PrefabInternal: {fileID: 1432837037}
  m_GameObject: {fileID: 1552562817}
  m_LocalRotation: {x: 0, y: 0, z: 0, w: 1}
  m_LocalPosition: {x: 0, y: 0, z: 0}
  m_LocalScale: {x: 1, y: 1, z: 1}
  m_Children: []
  m_Father: {fileID: 237089776}
  m_RootOrder: 7
  m_AnchorMin: {x: 0.5, y: 0.5}
  m_AnchorMax: {x: 0.5, y: 0.5}
  m_AnchoredPosition: {x: 6, y: -80}
  m_SizeDelta: {x: 124, y: 10}
  m_Pivot: {x: 0.5, y: 0.5}
--- !u!114 &1552562819
MonoBehaviour:
  m_ObjectHideFlags: 0
  m_PrefabParentObject: {fileID: 11495128, guid: 9381c105a5f5ce64eb98c7aa64df80ff,
    type: 2}
  m_PrefabInternal: {fileID: 1432837037}
  m_GameObject: {fileID: 1552562817}
  m_Enabled: 1
  m_EditorHideFlags: 0
  m_Script: {fileID: -765806418, guid: f5f67c52d1564df4a8936ccd202a3bd8, type: 3}
  m_Name: 
  m_EditorClassIdentifier: 
  m_Material: {fileID: 0}
  m_Color: {r: 0.6862745, g: 0.62352943, b: 0.6, a: 1}
  m_RaycastTarget: 1
  m_OnCullStateChanged:
    m_PersistentCalls:
      m_Calls: []
    m_TypeName: UnityEngine.UI.MaskableGraphic+CullStateChangedEvent, UnityEngine.UI,
      Version=1.0.0.0, Culture=neutral, PublicKeyToken=null
  m_Sprite: {fileID: 21300000, guid: 7ed1238760b863f4aafde32ab3a6f28c, type: 3}
  m_Type: 1
  m_PreserveAspect: 0
  m_FillCenter: 1
  m_FillMethod: 4
  m_FillAmount: 1
  m_FillClockwise: 1
  m_FillOrigin: 0
--- !u!222 &1552562820
CanvasRenderer:
  m_ObjectHideFlags: 0
  m_PrefabParentObject: {fileID: 22295132, guid: 9381c105a5f5ce64eb98c7aa64df80ff,
    type: 2}
  m_PrefabInternal: {fileID: 1432837037}
  m_GameObject: {fileID: 1552562817}
--- !u!1 &1580240377
GameObject:
  m_ObjectHideFlags: 0
  m_PrefabParentObject: {fileID: 195138, guid: 9381c105a5f5ce64eb98c7aa64df80ff, type: 2}
  m_PrefabInternal: {fileID: 1432837037}
  serializedVersion: 4
  m_Component:
  - 224: {fileID: 1580240378}
  - 222: {fileID: 1580240380}
  - 114: {fileID: 1580240379}
  m_Layer: 5
  m_Name: Dot
  m_TagString: Untagged
  m_Icon: {fileID: 0}
  m_NavMeshLayer: 0
  m_StaticEditorFlags: 0
  m_IsActive: 1
--- !u!224 &1580240378
RectTransform:
  m_ObjectHideFlags: 0
  m_PrefabParentObject: {fileID: 22495138, guid: 9381c105a5f5ce64eb98c7aa64df80ff,
    type: 2}
  m_PrefabInternal: {fileID: 1432837037}
  m_GameObject: {fileID: 1580240377}
  m_LocalRotation: {x: 0, y: 0, z: 0, w: 1}
  m_LocalPosition: {x: 0, y: 0, z: 0}
  m_LocalScale: {x: 1, y: 1, z: 1}
  m_Children: []
  m_Father: {fileID: 237089776}
  m_RootOrder: 25
  m_AnchorMin: {x: 0.5, y: 0.5}
  m_AnchorMax: {x: 0.5, y: 0.5}
  m_AnchoredPosition: {x: -183, y: 300}
  m_SizeDelta: {x: 45, y: 44}
  m_Pivot: {x: 0.5, y: 0.5}
--- !u!114 &1580240379
MonoBehaviour:
  m_ObjectHideFlags: 0
  m_PrefabParentObject: {fileID: 11495136, guid: 9381c105a5f5ce64eb98c7aa64df80ff,
    type: 2}
  m_PrefabInternal: {fileID: 1432837037}
  m_GameObject: {fileID: 1580240377}
  m_Enabled: 1
  m_EditorHideFlags: 0
  m_Script: {fileID: -765806418, guid: f5f67c52d1564df4a8936ccd202a3bd8, type: 3}
  m_Name: 
  m_EditorClassIdentifier: 
  m_Material: {fileID: 0}
  m_Color: {r: 0.6862745, g: 0.62352943, b: 0.6, a: 1}
  m_RaycastTarget: 1
  m_OnCullStateChanged:
    m_PersistentCalls:
      m_Calls: []
    m_TypeName: UnityEngine.UI.MaskableGraphic+CullStateChangedEvent, UnityEngine.UI,
      Version=1.0.0.0, Culture=neutral, PublicKeyToken=null
  m_Sprite: {fileID: 21300000, guid: f04f7faa5cfd8444a9b61e426135725f, type: 3}
  m_Type: 0
  m_PreserveAspect: 0
  m_FillCenter: 1
  m_FillMethod: 4
  m_FillAmount: 1
  m_FillClockwise: 1
  m_FillOrigin: 0
--- !u!222 &1580240380
CanvasRenderer:
  m_ObjectHideFlags: 0
  m_PrefabParentObject: {fileID: 22295140, guid: 9381c105a5f5ce64eb98c7aa64df80ff,
    type: 2}
  m_PrefabInternal: {fileID: 1432837037}
  m_GameObject: {fileID: 1580240377}
--- !u!1 &1855356418
GameObject:
  m_ObjectHideFlags: 0
  m_PrefabParentObject: {fileID: 195128, guid: 9381c105a5f5ce64eb98c7aa64df80ff, type: 2}
  m_PrefabInternal: {fileID: 1432837037}
  serializedVersion: 4
  m_Component:
  - 224: {fileID: 1855356419}
  - 222: {fileID: 1855356421}
  - 114: {fileID: 1855356420}
  m_Layer: 5
  m_Name: TopBar
  m_TagString: Untagged
  m_Icon: {fileID: 0}
  m_NavMeshLayer: 0
  m_StaticEditorFlags: 0
  m_IsActive: 1
--- !u!224 &1855356419
RectTransform:
  m_ObjectHideFlags: 0
  m_PrefabParentObject: {fileID: 22495128, guid: 9381c105a5f5ce64eb98c7aa64df80ff,
    type: 2}
  m_PrefabInternal: {fileID: 1432837037}
  m_GameObject: {fileID: 1855356418}
  m_LocalRotation: {x: 0, y: 0, z: 0, w: 1}
  m_LocalPosition: {x: 0, y: 0, z: 0}
  m_LocalScale: {x: 0.4, y: 0.4, z: 1}
  m_Children: []
  m_Father: {fileID: 237089776}
  m_RootOrder: 0
  m_AnchorMin: {x: 0.5, y: 0.5}
  m_AnchorMax: {x: 0.5, y: 0.5}
  m_AnchoredPosition: {x: 0, y: 435}
  m_SizeDelta: {x: 1117.5, y: 100}
  m_Pivot: {x: 0.5, y: 0.5}
--- !u!114 &1855356420
MonoBehaviour:
  m_ObjectHideFlags: 0
  m_PrefabParentObject: {fileID: 11495126, guid: 9381c105a5f5ce64eb98c7aa64df80ff,
    type: 2}
  m_PrefabInternal: {fileID: 1432837037}
  m_GameObject: {fileID: 1855356418}
  m_Enabled: 1
  m_EditorHideFlags: 0
  m_Script: {fileID: -765806418, guid: f5f67c52d1564df4a8936ccd202a3bd8, type: 3}
  m_Name: 
  m_EditorClassIdentifier: 
  m_Material: {fileID: 0}
  m_Color: {r: 0.68235296, g: 0.61960787, b: 0.59607846, a: 1}
  m_RaycastTarget: 1
  m_OnCullStateChanged:
    m_PersistentCalls:
      m_Calls: []
    m_TypeName: UnityEngine.UI.MaskableGraphic+CullStateChangedEvent, UnityEngine.UI,
      Version=1.0.0.0, Culture=neutral, PublicKeyToken=null
  m_Sprite: {fileID: 21300000, guid: d933e3d481575ca4b8c63bf881596b5f, type: 3}
  m_Type: 1
  m_PreserveAspect: 0
  m_FillCenter: 1
  m_FillMethod: 4
  m_FillAmount: 1
  m_FillClockwise: 1
  m_FillOrigin: 0
--- !u!222 &1855356421
CanvasRenderer:
  m_ObjectHideFlags: 0
  m_PrefabParentObject: {fileID: 22295130, guid: 9381c105a5f5ce64eb98c7aa64df80ff,
    type: 2}
  m_PrefabInternal: {fileID: 1432837037}
  m_GameObject: {fileID: 1855356418}
--- !u!1 &1880733738
GameObject:
  m_ObjectHideFlags: 0
  m_PrefabParentObject: {fileID: 195168, guid: 9381c105a5f5ce64eb98c7aa64df80ff, type: 2}
  m_PrefabInternal: {fileID: 1432837037}
  serializedVersion: 4
  m_Component:
  - 224: {fileID: 1880733739}
  - 222: {fileID: 1880733741}
  - 114: {fileID: 1880733740}
  m_Layer: 5
  m_Name: Dot
  m_TagString: Untagged
  m_Icon: {fileID: 0}
  m_NavMeshLayer: 0
  m_StaticEditorFlags: 0
  m_IsActive: 1
--- !u!224 &1880733739
RectTransform:
  m_ObjectHideFlags: 0
  m_PrefabParentObject: {fileID: 22495168, guid: 9381c105a5f5ce64eb98c7aa64df80ff,
    type: 2}
  m_PrefabInternal: {fileID: 1432837037}
  m_GameObject: {fileID: 1880733738}
  m_LocalRotation: {x: 0, y: 0, z: 0, w: 1}
  m_LocalPosition: {x: 0, y: 0, z: 0}
  m_LocalScale: {x: 1, y: 1, z: 1}
  m_Children: []
  m_Father: {fileID: 237089776}
  m_RootOrder: 23
  m_AnchorMin: {x: 0.5, y: 0.5}
  m_AnchorMax: {x: 0.5, y: 0.5}
  m_AnchoredPosition: {x: 201, y: -208}
  m_SizeDelta: {x: 45, y: 44}
  m_Pivot: {x: 0.5, y: 0.5}
--- !u!114 &1880733740
MonoBehaviour:
  m_ObjectHideFlags: 0
  m_PrefabParentObject: {fileID: 11495168, guid: 9381c105a5f5ce64eb98c7aa64df80ff,
    type: 2}
  m_PrefabInternal: {fileID: 1432837037}
  m_GameObject: {fileID: 1880733738}
  m_Enabled: 1
  m_EditorHideFlags: 0
  m_Script: {fileID: -765806418, guid: f5f67c52d1564df4a8936ccd202a3bd8, type: 3}
  m_Name: 
  m_EditorClassIdentifier: 
  m_Material: {fileID: 0}
  m_Color: {r: 0.6862745, g: 0.62352943, b: 0.6, a: 1}
  m_RaycastTarget: 1
  m_OnCullStateChanged:
    m_PersistentCalls:
      m_Calls: []
    m_TypeName: UnityEngine.UI.MaskableGraphic+CullStateChangedEvent, UnityEngine.UI,
      Version=1.0.0.0, Culture=neutral, PublicKeyToken=null
  m_Sprite: {fileID: 21300000, guid: f04f7faa5cfd8444a9b61e426135725f, type: 3}
  m_Type: 0
  m_PreserveAspect: 0
  m_FillCenter: 1
  m_FillMethod: 4
  m_FillAmount: 1
  m_FillClockwise: 1
  m_FillOrigin: 0
--- !u!222 &1880733741
CanvasRenderer:
  m_ObjectHideFlags: 0
  m_PrefabParentObject: {fileID: 22295168, guid: 9381c105a5f5ce64eb98c7aa64df80ff,
    type: 2}
  m_PrefabInternal: {fileID: 1432837037}
  m_GameObject: {fileID: 1880733738}
--- !u!1 &2044397407
GameObject:
  m_ObjectHideFlags: 0
  m_PrefabParentObject: {fileID: 195106, guid: 9381c105a5f5ce64eb98c7aa64df80ff, type: 2}
  m_PrefabInternal: {fileID: 1432837037}
  serializedVersion: 4
  m_Component:
  - 224: {fileID: 2044397408}
  - 222: {fileID: 2044397410}
  - 114: {fileID: 2044397409}
  m_Layer: 5
  m_Name: Dot
  m_TagString: Untagged
  m_Icon: {fileID: 0}
  m_NavMeshLayer: 0
  m_StaticEditorFlags: 0
  m_IsActive: 1
--- !u!224 &2044397408
RectTransform:
  m_ObjectHideFlags: 0
  m_PrefabParentObject: {fileID: 22495106, guid: 9381c105a5f5ce64eb98c7aa64df80ff,
    type: 2}
  m_PrefabInternal: {fileID: 1432837037}
  m_GameObject: {fileID: 2044397407}
  m_LocalRotation: {x: 0, y: 0, z: 0, w: 1}
  m_LocalPosition: {x: 0, y: 0, z: 0}
  m_LocalScale: {x: 1, y: 1, z: 1}
  m_Children: []
  m_Father: {fileID: 237089776}
  m_RootOrder: 20
  m_AnchorMin: {x: 0.5, y: 0.5}
  m_AnchorMax: {x: 0.5, y: 0.5}
  m_AnchoredPosition: {x: 73, y: 48}
  m_SizeDelta: {x: 45, y: 44}
  m_Pivot: {x: 0.5, y: 0.5}
--- !u!114 &2044397409
MonoBehaviour:
  m_ObjectHideFlags: 0
  m_PrefabParentObject: {fileID: 11495102, guid: 9381c105a5f5ce64eb98c7aa64df80ff,
    type: 2}
  m_PrefabInternal: {fileID: 1432837037}
  m_GameObject: {fileID: 2044397407}
  m_Enabled: 1
  m_EditorHideFlags: 0
  m_Script: {fileID: -765806418, guid: f5f67c52d1564df4a8936ccd202a3bd8, type: 3}
  m_Name: 
  m_EditorClassIdentifier: 
  m_Material: {fileID: 0}
  m_Color: {r: 0.39215687, g: 0.2784314, b: 0.28627452, a: 1}
  m_RaycastTarget: 1
  m_OnCullStateChanged:
    m_PersistentCalls:
      m_Calls: []
    m_TypeName: UnityEngine.UI.MaskableGraphic+CullStateChangedEvent, UnityEngine.UI,
      Version=1.0.0.0, Culture=neutral, PublicKeyToken=null
  m_Sprite: {fileID: 21300000, guid: f04f7faa5cfd8444a9b61e426135725f, type: 3}
  m_Type: 0
  m_PreserveAspect: 0
  m_FillCenter: 1
  m_FillMethod: 4
  m_FillAmount: 1
  m_FillClockwise: 1
  m_FillOrigin: 0
--- !u!222 &2044397410
CanvasRenderer:
  m_ObjectHideFlags: 0
  m_PrefabParentObject: {fileID: 22295108, guid: 9381c105a5f5ce64eb98c7aa64df80ff,
    type: 2}
  m_PrefabInternal: {fileID: 1432837037}
  m_GameObject: {fileID: 2044397407}
--- !u!1 &2134604428
GameObject:
  m_ObjectHideFlags: 0
  m_PrefabParentObject: {fileID: 195144, guid: 9381c105a5f5ce64eb98c7aa64df80ff, type: 2}
  m_PrefabInternal: {fileID: 1432837037}
  serializedVersion: 4
  m_Component:
  - 224: {fileID: 2134604429}
  - 222: {fileID: 2134604431}
  - 114: {fileID: 2134604430}
  m_Layer: 5
  m_Name: Dot
  m_TagString: Untagged
  m_Icon: {fileID: 0}
  m_NavMeshLayer: 0
  m_StaticEditorFlags: 0
  m_IsActive: 1
--- !u!224 &2134604429
RectTransform:
  m_ObjectHideFlags: 0
  m_PrefabParentObject: {fileID: 22495144, guid: 9381c105a5f5ce64eb98c7aa64df80ff,
    type: 2}
  m_PrefabInternal: {fileID: 1432837037}
  m_GameObject: {fileID: 2134604428}
  m_LocalRotation: {x: 0, y: 0, z: 0, w: 1}
  m_LocalPosition: {x: 0, y: 0, z: 0}
  m_LocalScale: {x: 1, y: 1, z: 1}
  m_Children: []
  m_Father: {fileID: 237089776}
  m_RootOrder: 21
  m_AnchorMin: {x: 0.5, y: 0.5}
  m_AnchorMax: {x: 0.5, y: 0.5}
  m_AnchoredPosition: {x: 73, y: -80}
  m_SizeDelta: {x: 77, y: 76}
  m_Pivot: {x: 0.5, y: 0.5}
--- !u!114 &2134604430
MonoBehaviour:
  m_ObjectHideFlags: 0
  m_PrefabParentObject: {fileID: 11495142, guid: 9381c105a5f5ce64eb98c7aa64df80ff,
    type: 2}
  m_PrefabInternal: {fileID: 1432837037}
  m_GameObject: {fileID: 2134604428}
  m_Enabled: 1
  m_EditorHideFlags: 0
  m_Script: {fileID: -765806418, guid: f5f67c52d1564df4a8936ccd202a3bd8, type: 3}
  m_Name: 
  m_EditorClassIdentifier: 
  m_Material: {fileID: 0}
  m_Color: {r: 0.53333336, g: 0.64705884, b: 0.56078434, a: 1}
  m_RaycastTarget: 1
  m_OnCullStateChanged:
    m_PersistentCalls:
      m_Calls: []
    m_TypeName: UnityEngine.UI.MaskableGraphic+CullStateChangedEvent, UnityEngine.UI,
      Version=1.0.0.0, Culture=neutral, PublicKeyToken=null
  m_Sprite: {fileID: 21300000, guid: f04f7faa5cfd8444a9b61e426135725f, type: 3}
  m_Type: 0
  m_PreserveAspect: 0
  m_FillCenter: 1
  m_FillMethod: 4
  m_FillAmount: 1
  m_FillClockwise: 1
  m_FillOrigin: 0
--- !u!222 &2134604431
CanvasRenderer:
  m_ObjectHideFlags: 0
  m_PrefabParentObject: {fileID: 22295146, guid: 9381c105a5f5ce64eb98c7aa64df80ff,
    type: 2}
  m_PrefabInternal: {fileID: 1432837037}
  m_GameObject: {fileID: 2134604428}
