%YAML 1.1
%TAG !u! tag:unity3d.com,2011:
--- !u!29 &1
SceneSettings:
  m_ObjectHideFlags: 0
  m_PVSData: 
  m_PVSObjectsArray: []
  m_PVSPortalsArray: []
  m_OcclusionBakeSettings:
    smallestOccluder: 5
    smallestHole: 0.25
    backfaceThreshold: 100
--- !u!104 &2
RenderSettings:
  m_ObjectHideFlags: 0
  serializedVersion: 6
  m_Fog: 0
  m_FogColor: {r: 0.5, g: 0.5, b: 0.5, a: 1}
  m_FogMode: 3
  m_FogDensity: 0.01
  m_LinearFogStart: 0
  m_LinearFogEnd: 300
  m_AmbientSkyColor: {r: 0.212, g: 0.227, b: 0.259, a: 1}
  m_AmbientEquatorColor: {r: 0.114, g: 0.125, b: 0.133, a: 1}
  m_AmbientGroundColor: {r: 0.047, g: 0.043, b: 0.035, a: 1}
  m_AmbientIntensity: 1
  m_AmbientMode: 0
  m_SkyboxMaterial: {fileID: 10304, guid: 0000000000000000f000000000000000, type: 0}
  m_HaloStrength: 0.5
  m_FlareStrength: 1
  m_FlareFadeSpeed: 3
  m_HaloTexture: {fileID: 0}
  m_SpotCookie: {fileID: 10001, guid: 0000000000000000e000000000000000, type: 0}
  m_DefaultReflectionMode: 0
  m_DefaultReflectionResolution: 128
  m_ReflectionBounces: 1
  m_ReflectionIntensity: 1
  m_CustomReflection: {fileID: 0}
  m_Sun: {fileID: 0}
--- !u!157 &4
LightmapSettings:
  m_ObjectHideFlags: 0
  serializedVersion: 6
  m_GIWorkflowMode: 0
  m_LightmapsMode: 1
  m_GISettings:
    serializedVersion: 2
    m_BounceScale: 1
    m_IndirectOutputScale: 1
    m_AlbedoBoost: 1
    m_TemporalCoherenceThreshold: 1
    m_EnvironmentLightingMode: 0
    m_EnableBakedLightmaps: 1
    m_EnableRealtimeLightmaps: 1
  m_LightmapEditorSettings:
    serializedVersion: 3
    m_Resolution: 2
    m_BakeResolution: 40
    m_TextureWidth: 1024
    m_TextureHeight: 1024
    m_AOMaxDistance: 1
    m_Padding: 2
    m_CompAOExponent: 0
    m_LightmapParameters: {fileID: 0}
    m_TextureCompression: 1
    m_FinalGather: 0
    m_FinalGatherRayCount: 1024
    m_ReflectionCompression: 2
  m_LightingDataAsset: {fileID: 0}
  m_RuntimeCPUUsage: 25
--- !u!196 &5
NavMeshSettings:
  serializedVersion: 2
  m_ObjectHideFlags: 0
  m_BuildSettings:
    serializedVersion: 2
    agentRadius: 0.5
    agentHeight: 2
    agentSlope: 45
    agentClimb: 0.4
    ledgeDropHeight: 0
    maxJumpAcrossDistance: 0
    accuratePlacement: 0
    minRegionArea: 2
    cellSize: 0.16666667
    manualCellSize: 0
  m_NavMeshData: {fileID: 0}
--- !u!1 &110700881
GameObject:
  m_ObjectHideFlags: 0
  m_PrefabParentObject: {fileID: 161388, guid: 23f93f990df7e3646971be1a8dcd5643, type: 2}
  m_PrefabInternal: {fileID: 331928895}
  serializedVersion: 4
  m_Component:
  - 224: {fileID: 110700882}
  - 222: {fileID: 110700885}
  - 114: {fileID: 110700884}
  - 114: {fileID: 110700883}
  m_Layer: 5
  m_Name: Button
  m_TagString: Untagged
  m_Icon: {fileID: 0}
  m_NavMeshLayer: 0
  m_StaticEditorFlags: 0
  m_IsActive: 1
--- !u!224 &110700882
RectTransform:
  m_ObjectHideFlags: 0
  m_PrefabParentObject: {fileID: 22461388, guid: 23f93f990df7e3646971be1a8dcd5643,
    type: 2}
  m_PrefabInternal: {fileID: 331928895}
  m_GameObject: {fileID: 110700881}
  m_LocalRotation: {x: 0, y: 0, z: -0.7071068, w: 0.7071068}
  m_LocalPosition: {x: 0, y: 0, z: 0}
  m_LocalScale: {x: 1, y: 1, z: 1}
  m_Children: []
  m_Father: {fileID: 818342232}
  m_RootOrder: 2
  m_AnchorMin: {x: 1, y: 0.5}
  m_AnchorMax: {x: 1, y: 0.5}
  m_AnchoredPosition: {x: -63, y: -249}
  m_SizeDelta: {x: 68, y: 67}
  m_Pivot: {x: 0.5, y: 0.5}
--- !u!114 &110700883
MonoBehaviour:
  m_ObjectHideFlags: 0
  m_PrefabParentObject: {fileID: 11461384, guid: 23f93f990df7e3646971be1a8dcd5643,
    type: 2}
  m_PrefabInternal: {fileID: 331928895}
  m_GameObject: {fileID: 110700881}
  m_Enabled: 1
  m_EditorHideFlags: 0
  m_Script: {fileID: 1392445389, guid: f5f67c52d1564df4a8936ccd202a3bd8, type: 3}
  m_Name: 
  m_EditorClassIdentifier: 
  m_Navigation:
    m_Mode: 3
    m_SelectOnUp: {fileID: 0}
    m_SelectOnDown: {fileID: 0}
    m_SelectOnLeft: {fileID: 0}
    m_SelectOnRight: {fileID: 0}
  m_Transition: 1
  m_Colors:
    m_NormalColor: {r: 1, g: 1, b: 1, a: 1}
    m_HighlightedColor: {r: 0.9607843, g: 0.9607843, b: 0.9607843, a: 1}
    m_PressedColor: {r: 0.78431374, g: 0.78431374, b: 0.78431374, a: 1}
    m_DisabledColor: {r: 0.78431374, g: 0.78431374, b: 0.78431374, a: 0.5019608}
    m_ColorMultiplier: 1
    m_FadeDuration: 0.1
  m_SpriteState:
    m_HighlightedSprite: {fileID: 0}
    m_PressedSprite: {fileID: 0}
    m_DisabledSprite: {fileID: 0}
  m_AnimationTriggers:
    m_NormalTrigger: Normal
    m_HighlightedTrigger: Highlighted
    m_PressedTrigger: Pressed
    m_DisabledTrigger: Disabled
  m_Interactable: 1
  m_TargetGraphic: {fileID: 110700884}
  m_OnClick:
    m_PersistentCalls:
      m_Calls: []
    m_TypeName: UnityEngine.UI.Button+ButtonClickedEvent, UnityEngine.UI, Version=1.0.0.0,
      Culture=neutral, PublicKeyToken=null
--- !u!114 &110700884
MonoBehaviour:
  m_ObjectHideFlags: 0
  m_PrefabParentObject: {fileID: 11461382, guid: 23f93f990df7e3646971be1a8dcd5643,
    type: 2}
  m_PrefabInternal: {fileID: 331928895}
  m_GameObject: {fileID: 110700881}
  m_Enabled: 1
  m_EditorHideFlags: 0
  m_Script: {fileID: -765806418, guid: f5f67c52d1564df4a8936ccd202a3bd8, type: 3}
  m_Name: 
  m_EditorClassIdentifier: 
  m_Material: {fileID: 0}
  m_Color: {r: 1, g: 1, b: 1, a: 1}
  m_RaycastTarget: 1
  m_OnCullStateChanged:
    m_PersistentCalls:
      m_Calls: []
    m_TypeName: UnityEngine.UI.MaskableGraphic+CullStateChangedEvent, UnityEngine.UI,
      Version=1.0.0.0, Culture=neutral, PublicKeyToken=null
  m_Sprite: {fileID: 21300000, guid: 94b92f721d5703d4ab87bb915d746aaf, type: 3}
  m_Type: 0
  m_PreserveAspect: 0
  m_FillCenter: 1
  m_FillMethod: 4
  m_FillAmount: 1
  m_FillClockwise: 1
  m_FillOrigin: 0
--- !u!222 &110700885
CanvasRenderer:
  m_ObjectHideFlags: 0
  m_PrefabParentObject: {fileID: 22261390, guid: 23f93f990df7e3646971be1a8dcd5643,
    type: 2}
  m_PrefabInternal: {fileID: 331928895}
  m_GameObject: {fileID: 110700881}
--- !u!1001 &331928895
Prefab:
  m_ObjectHideFlags: 0
  serializedVersion: 2
  m_Modification:
    m_TransformParent: {fileID: 0}
    m_Modifications:
    - target: {fileID: 22461400, guid: 23f93f990df7e3646971be1a8dcd5643, type: 2}
      propertyPath: m_LocalPosition.x
      value: 0
      objectReference: {fileID: 0}
    - target: {fileID: 22461400, guid: 23f93f990df7e3646971be1a8dcd5643, type: 2}
      propertyPath: m_LocalPosition.y
      value: 0
      objectReference: {fileID: 0}
    - target: {fileID: 22461400, guid: 23f93f990df7e3646971be1a8dcd5643, type: 2}
      propertyPath: m_LocalPosition.z
      value: 0
      objectReference: {fileID: 0}
    - target: {fileID: 22461400, guid: 23f93f990df7e3646971be1a8dcd5643, type: 2}
      propertyPath: m_LocalRotation.x
      value: 0
      objectReference: {fileID: 0}
    - target: {fileID: 22461400, guid: 23f93f990df7e3646971be1a8dcd5643, type: 2}
      propertyPath: m_LocalRotation.y
      value: 0
      objectReference: {fileID: 0}
    - target: {fileID: 22461400, guid: 23f93f990df7e3646971be1a8dcd5643, type: 2}
      propertyPath: m_LocalRotation.z
      value: 0
      objectReference: {fileID: 0}
    - target: {fileID: 22461400, guid: 23f93f990df7e3646971be1a8dcd5643, type: 2}
      propertyPath: m_LocalRotation.w
      value: 1
      objectReference: {fileID: 0}
    - target: {fileID: 22461400, guid: 23f93f990df7e3646971be1a8dcd5643, type: 2}
      propertyPath: m_RootOrder
      value: 0
      objectReference: {fileID: 0}
    - target: {fileID: 22461400, guid: 23f93f990df7e3646971be1a8dcd5643, type: 2}
      propertyPath: m_AnchoredPosition.x
      value: 0
      objectReference: {fileID: 0}
    - target: {fileID: 22461400, guid: 23f93f990df7e3646971be1a8dcd5643, type: 2}
      propertyPath: m_AnchoredPosition.y
      value: 0
      objectReference: {fileID: 0}
    - target: {fileID: 22461400, guid: 23f93f990df7e3646971be1a8dcd5643, type: 2}
      propertyPath: m_SizeDelta.x
      value: 0
      objectReference: {fileID: 0}
    - target: {fileID: 22461400, guid: 23f93f990df7e3646971be1a8dcd5643, type: 2}
      propertyPath: m_SizeDelta.y
      value: 0
      objectReference: {fileID: 0}
    - target: {fileID: 22461400, guid: 23f93f990df7e3646971be1a8dcd5643, type: 2}
      propertyPath: m_AnchorMin.x
      value: 0
      objectReference: {fileID: 0}
    - target: {fileID: 22461400, guid: 23f93f990df7e3646971be1a8dcd5643, type: 2}
      propertyPath: m_AnchorMin.y
      value: 0
      objectReference: {fileID: 0}
    - target: {fileID: 22461400, guid: 23f93f990df7e3646971be1a8dcd5643, type: 2}
      propertyPath: m_AnchorMax.x
      value: 0
      objectReference: {fileID: 0}
    - target: {fileID: 22461400, guid: 23f93f990df7e3646971be1a8dcd5643, type: 2}
      propertyPath: m_AnchorMax.y
      value: 0
      objectReference: {fileID: 0}
    - target: {fileID: 22461400, guid: 23f93f990df7e3646971be1a8dcd5643, type: 2}
      propertyPath: m_Pivot.x
      value: 0
      objectReference: {fileID: 0}
    - target: {fileID: 22461400, guid: 23f93f990df7e3646971be1a8dcd5643, type: 2}
      propertyPath: m_Pivot.y
      value: 0
      objectReference: {fileID: 0}
    m_RemovedComponents: []
  m_ParentPrefab: {fileID: 100100000, guid: 23f93f990df7e3646971be1a8dcd5643, type: 2}
  m_RootGameObject: {fileID: 1196660945}
  m_IsPrefabParent: 0
--- !u!1 &473576605
GameObject:
  m_ObjectHideFlags: 0
  m_PrefabParentObject: {fileID: 161380, guid: 23f93f990df7e3646971be1a8dcd5643, type: 2}
  m_PrefabInternal: {fileID: 331928895}
  serializedVersion: 4
  m_Component:
  - 224: {fileID: 473576606}
  - 222: {fileID: 473576609}
  - 114: {fileID: 473576608}
  - 114: {fileID: 473576607}
  m_Layer: 5
  m_Name: Panel
  m_TagString: Untagged
  m_Icon: {fileID: 0}
  m_NavMeshLayer: 0
  m_StaticEditorFlags: 0
  m_IsActive: 1
--- !u!224 &473576606
RectTransform:
  m_ObjectHideFlags: 0
  m_PrefabParentObject: {fileID: 22461380, guid: 23f93f990df7e3646971be1a8dcd5643,
    type: 2}
  m_PrefabInternal: {fileID: 331928895}
  m_GameObject: {fileID: 473576605}
  m_LocalRotation: {x: 0, y: 0, z: 0, w: 1}
  m_LocalPosition: {x: 0, y: 0, z: 0}
  m_LocalScale: {x: 1, y: 1, z: 1}
  m_Children:
  - {fileID: 782151783}
  - {fileID: 1164619962}
  - {fileID: 1844182960}
  - {fileID: 2037337658}
  - {fileID: 818342232}
  - {fileID: 1574418219}
  m_Father: {fileID: 1196660949}
  m_RootOrder: 1
  m_AnchorMin: {x: 0.5, y: 0.5}
  m_AnchorMax: {x: 0.5, y: 0.5}
  m_AnchoredPosition: {x: 0, y: -0.010009766}
  m_SizeDelta: {x: 1136, y: 640.02}
  m_Pivot: {x: 0.5, y: 0.5}
--- !u!114 &473576607
MonoBehaviour:
  m_ObjectHideFlags: 0
  m_PrefabParentObject: {fileID: 11461374, guid: 23f93f990df7e3646971be1a8dcd5643,
    type: 2}
  m_PrefabInternal: {fileID: 331928895}
  m_GameObject: {fileID: 473576605}
  m_Enabled: 1
  m_EditorHideFlags: 0
  m_Script: {fileID: -1200242548, guid: f5f67c52d1564df4a8936ccd202a3bd8, type: 3}
  m_Name: 
  m_EditorClassIdentifier: 
  m_ShowMaskGraphic: 1
--- !u!114 &473576608
MonoBehaviour:
  m_ObjectHideFlags: 0
  m_PrefabParentObject: {fileID: 11461372, guid: 23f93f990df7e3646971be1a8dcd5643,
    type: 2}
  m_PrefabInternal: {fileID: 331928895}
  m_GameObject: {fileID: 473576605}
  m_Enabled: 1
  m_EditorHideFlags: 0
  m_Script: {fileID: -765806418, guid: f5f67c52d1564df4a8936ccd202a3bd8, type: 3}
  m_Name: 
  m_EditorClassIdentifier: 
  m_Material: {fileID: 0}
  m_Color: {r: 0.9485294, g: 0.9485294, b: 0.9485294, a: 1}
  m_RaycastTarget: 1
  m_OnCullStateChanged:
    m_PersistentCalls:
      m_Calls: []
    m_TypeName: UnityEngine.UI.MaskableGraphic+CullStateChangedEvent, UnityEngine.UI,
      Version=1.0.0.0, Culture=neutral, PublicKeyToken=null
  m_Sprite: {fileID: 21300000, guid: 7ed1238760b863f4aafde32ab3a6f28c, type: 3}
  m_Type: 1
  m_PreserveAspect: 0
  m_FillCenter: 1
  m_FillMethod: 4
  m_FillAmount: 1
  m_FillClockwise: 1
  m_FillOrigin: 0
--- !u!222 &473576609
CanvasRenderer:
  m_ObjectHideFlags: 0
  m_PrefabParentObject: {fileID: 22261382, guid: 23f93f990df7e3646971be1a8dcd5643,
    type: 2}
  m_PrefabInternal: {fileID: 331928895}
  m_GameObject: {fileID: 473576605}
--- !u!1 &782151782
GameObject:
  m_ObjectHideFlags: 0
  m_PrefabParentObject: {fileID: 161382, guid: 23f93f990df7e3646971be1a8dcd5643, type: 2}
  m_PrefabInternal: {fileID: 331928895}
  serializedVersion: 4
  m_Component:
  - 224: {fileID: 782151783}
  - 222: {fileID: 782151785}
  - 114: {fileID: 782151784}
  m_Layer: 5
  m_Name: InfoText
  m_TagString: Untagged
  m_Icon: {fileID: 0}
  m_NavMeshLayer: 0
  m_StaticEditorFlags: 0
  m_IsActive: 1
--- !u!224 &782151783
RectTransform:
  m_ObjectHideFlags: 0
  m_PrefabParentObject: {fileID: 22461382, guid: 23f93f990df7e3646971be1a8dcd5643,
    type: 2}
  m_PrefabInternal: {fileID: 331928895}
  m_GameObject: {fileID: 782151782}
  m_LocalRotation: {x: 0, y: 0, z: 0, w: 1}
  m_LocalPosition: {x: 0, y: 0, z: 0}
  m_LocalScale: {x: 1, y: 1, z: 1}
  m_Children: []
  m_Father: {fileID: 473576606}
  m_RootOrder: 0
  m_AnchorMin: {x: 0.5, y: 0.5}
  m_AnchorMax: {x: 0.5, y: 0.5}
  m_AnchoredPosition: {x: 0, y: 0}
  m_SizeDelta: {x: 281, y: 299}
  m_Pivot: {x: 0.5, y: 0.5}
--- !u!114 &782151784
MonoBehaviour:
  m_ObjectHideFlags: 0
  m_PrefabParentObject: {fileID: 11461376, guid: 23f93f990df7e3646971be1a8dcd5643,
    type: 2}
  m_PrefabInternal: {fileID: 331928895}
  m_GameObject: {fileID: 782151782}
  m_Enabled: 1
  m_EditorHideFlags: 0
  m_Script: {fileID: 708705254, guid: f5f67c52d1564df4a8936ccd202a3bd8, type: 3}
  m_Name: 
  m_EditorClassIdentifier: 
  m_Material: {fileID: 0}
  m_Color: {r: 0.5735294, g: 0.5735294, b: 0.5735294, a: 1}
  m_RaycastTarget: 1
  m_OnCullStateChanged:
    m_PersistentCalls:
      m_Calls: []
    m_TypeName: UnityEngine.UI.MaskableGraphic+CullStateChangedEvent, UnityEngine.UI,
      Version=1.0.0.0, Culture=neutral, PublicKeyToken=null
  m_FontData:
    m_Font: {fileID: 12800000, guid: 7dfc2e1472ac84e1bb749a8a9f934483, type: 3}
    m_FontSize: 154
    m_FontStyle: 0
    m_BestFit: 0
    m_MinSize: 10
    m_MaxSize: 154
    m_Alignment: 4
    m_AlignByGeometry: 0
    m_RichText: 1
    m_HorizontalOverflow: 0
    m_VerticalOverflow: 0
    m_LineSpacing: 1
  m_Text: 16
--- !u!222 &782151785
CanvasRenderer:
  m_ObjectHideFlags: 0
  m_PrefabParentObject: {fileID: 22261384, guid: 23f93f990df7e3646971be1a8dcd5643,
    type: 2}
  m_PrefabInternal: {fileID: 331928895}
  m_GameObject: {fileID: 782151782}
--- !u!1 &818342231
GameObject:
  m_ObjectHideFlags: 0
  m_PrefabParentObject: {fileID: 161366, guid: 23f93f990df7e3646971be1a8dcd5643, type: 2}
  m_PrefabInternal: {fileID: 331928895}
  serializedVersion: 4
  m_Component:
  - 224: {fileID: 818342232}
  - 222: {fileID: 818342234}
  - 114: {fileID: 818342233}
  m_Layer: 5
  m_Name: SideBar
  m_TagString: Untagged
  m_Icon: {fileID: 0}
  m_NavMeshLayer: 0
  m_StaticEditorFlags: 0
  m_IsActive: 1
--- !u!224 &818342232
RectTransform:
  m_ObjectHideFlags: 0
  m_PrefabParentObject: {fileID: 22461366, guid: 23f93f990df7e3646971be1a8dcd5643,
    type: 2}
  m_PrefabInternal: {fileID: 331928895}
  m_GameObject: {fileID: 818342231}
  m_LocalRotation: {x: 0, y: 0, z: 0, w: 1}
  m_LocalPosition: {x: 0, y: 0, z: 0}
  m_LocalScale: {x: 1, y: 1, z: 1}
  m_Children:
  - {fileID: 1355315844}
  - {fileID: 2035281795}
  - {fileID: 110700882}
  m_Father: {fileID: 473576606}
  m_RootOrder: 4
  m_AnchorMin: {x: 0.5, y: 0.5}
  m_AnchorMax: {x: 0.5, y: 0.5}
  m_AnchoredPosition: {x: 505, y: 0}
  m_SizeDelta: {x: 126, y: 640}
  m_Pivot: {x: 0.5, y: 0.5}
--- !u!114 &818342233
MonoBehaviour:
  m_ObjectHideFlags: 0
  m_PrefabParentObject: {fileID: 11461358, guid: 23f93f990df7e3646971be1a8dcd5643,
    type: 2}
  m_PrefabInternal: {fileID: 331928895}
  m_GameObject: {fileID: 818342231}
  m_Enabled: 1
  m_EditorHideFlags: 0
  m_Script: {fileID: -765806418, guid: f5f67c52d1564df4a8936ccd202a3bd8, type: 3}
  m_Name: 
  m_EditorClassIdentifier: 
  m_Material: {fileID: 0}
  m_Color: {r: 0.16176468, g: 0.16176468, b: 0.16176468, a: 1}
  m_RaycastTarget: 1
  m_OnCullStateChanged:
    m_PersistentCalls:
      m_Calls: []
    m_TypeName: UnityEngine.UI.MaskableGraphic+CullStateChangedEvent, UnityEngine.UI,
      Version=1.0.0.0, Culture=neutral, PublicKeyToken=null
  m_Sprite: {fileID: 21300000, guid: 7ed1238760b863f4aafde32ab3a6f28c, type: 3}
  m_Type: 1
  m_PreserveAspect: 0
  m_FillCenter: 1
  m_FillMethod: 4
  m_FillAmount: 1
  m_FillClockwise: 1
  m_FillOrigin: 0
--- !u!222 &818342234
CanvasRenderer:
  m_ObjectHideFlags: 0
  m_PrefabParentObject: {fileID: 22261368, guid: 23f93f990df7e3646971be1a8dcd5643,
    type: 2}
  m_PrefabInternal: {fileID: 331928895}
  m_GameObject: {fileID: 818342231}
--- !u!1 &1164619961
GameObject:
  m_ObjectHideFlags: 0
  m_PrefabParentObject: {fileID: 161386, guid: 23f93f990df7e3646971be1a8dcd5643, type: 2}
  m_PrefabInternal: {fileID: 331928895}
  serializedVersion: 4
  m_Component:
  - 224: {fileID: 1164619962}
  - 222: {fileID: 1164619964}
  - 114: {fileID: 1164619963}
  m_Layer: 5
  m_Name: CircleBlock
  m_TagString: Untagged
  m_Icon: {fileID: 0}
  m_NavMeshLayer: 0
  m_StaticEditorFlags: 0
  m_IsActive: 1
--- !u!224 &1164619962
RectTransform:
  m_ObjectHideFlags: 0
  m_PrefabParentObject: {fileID: 22461386, guid: 23f93f990df7e3646971be1a8dcd5643,
    type: 2}
  m_PrefabInternal: {fileID: 331928895}
  m_GameObject: {fileID: 1164619961}
  m_LocalRotation: {x: 0, y: 0, z: 0, w: 1}
  m_LocalPosition: {x: 0, y: 0, z: 0}
  m_LocalScale: {x: 1, y: 1, z: 1}
  m_Children:
  - {fileID: 1190600921}
  m_Father: {fileID: 473576606}
  m_RootOrder: 1
  m_AnchorMin: {x: 0.5, y: 0.5}
  m_AnchorMax: {x: 0.5, y: 0.5}
  m_AnchoredPosition: {x: -366, y: -35}
  m_SizeDelta: {x: 250, y: 250}
  m_Pivot: {x: 0.5, y: 0.5}
--- !u!114 &1164619963
MonoBehaviour:
  m_ObjectHideFlags: 0
  m_PrefabParentObject: {fileID: 11461380, guid: 23f93f990df7e3646971be1a8dcd5643,
    type: 2}
  m_PrefabInternal: {fileID: 331928895}
  m_GameObject: {fileID: 1164619961}
  m_Enabled: 1
  m_EditorHideFlags: 0
  m_Script: {fileID: -765806418, guid: f5f67c52d1564df4a8936ccd202a3bd8, type: 3}
  m_Name: 
  m_EditorClassIdentifier: 
  m_Material: {fileID: 0}
  m_Color: {r: 0.2647059, g: 0.2647059, b: 0.2647059, a: 1}
  m_RaycastTarget: 1
  m_OnCullStateChanged:
    m_PersistentCalls:
      m_Calls: []
    m_TypeName: UnityEngine.UI.MaskableGraphic+CullStateChangedEvent, UnityEngine.UI,
      Version=1.0.0.0, Culture=neutral, PublicKeyToken=null
  m_Sprite: {fileID: 21300000, guid: 291502478103f274da140dc9d17c64dc, type: 3}
  m_Type: 0
  m_PreserveAspect: 0
  m_FillCenter: 1
  m_FillMethod: 4
  m_FillAmount: 1
  m_FillClockwise: 1
  m_FillOrigin: 0
--- !u!222 &1164619964
CanvasRenderer:
  m_ObjectHideFlags: 0
  m_PrefabParentObject: {fileID: 22261388, guid: 23f93f990df7e3646971be1a8dcd5643,
    type: 2}
  m_PrefabInternal: {fileID: 331928895}
  m_GameObject: {fileID: 1164619961}
--- !u!1 &1190600920
GameObject:
  m_ObjectHideFlags: 0
  m_PrefabParentObject: {fileID: 161396, guid: 23f93f990df7e3646971be1a8dcd5643, type: 2}
  m_PrefabInternal: {fileID: 331928895}
  serializedVersion: 4
  m_Component:
  - 224: {fileID: 1190600921}
  - 222: {fileID: 1190600923}
  - 114: {fileID: 1190600922}
  m_Layer: 5
  m_Name: Text
  m_TagString: Untagged
  m_Icon: {fileID: 0}
  m_NavMeshLayer: 0
  m_StaticEditorFlags: 0
  m_IsActive: 1
--- !u!224 &1190600921
RectTransform:
  m_ObjectHideFlags: 0
  m_PrefabParentObject: {fileID: 22461396, guid: 23f93f990df7e3646971be1a8dcd5643,
    type: 2}
  m_PrefabInternal: {fileID: 331928895}
  m_GameObject: {fileID: 1190600920}
  m_LocalRotation: {x: 0, y: 0, z: 0, w: 1}
  m_LocalPosition: {x: 0, y: 0, z: 0}
  m_LocalScale: {x: 1, y: 1, z: 1}
  m_Children: []
  m_Father: {fileID: 1164619962}
  m_RootOrder: 0
  m_AnchorMin: {x: 0.5, y: 0.5}
  m_AnchorMax: {x: 0.5, y: 0.5}
  m_AnchoredPosition: {x: 0, y: 0}
  m_SizeDelta: {x: 95, y: 85}
  m_Pivot: {x: 0.5, y: 0.5}
--- !u!114 &1190600922
MonoBehaviour:
  m_ObjectHideFlags: 0
  m_PrefabParentObject: {fileID: 11461392, guid: 23f93f990df7e3646971be1a8dcd5643,
    type: 2}
  m_PrefabInternal: {fileID: 331928895}
  m_GameObject: {fileID: 1190600920}
  m_Enabled: 1
  m_EditorHideFlags: 0
  m_Script: {fileID: 708705254, guid: f5f67c52d1564df4a8936ccd202a3bd8, type: 3}
  m_Name: 
  m_EditorClassIdentifier: 
  m_Material: {fileID: 0}
  m_Color: {r: 0.9411765, g: 0.9411765, b: 0.9411765, a: 1}
  m_RaycastTarget: 1
  m_OnCullStateChanged:
    m_PersistentCalls:
      m_Calls: []
    m_TypeName: UnityEngine.UI.MaskableGraphic+CullStateChangedEvent, UnityEngine.UI,
      Version=1.0.0.0, Culture=neutral, PublicKeyToken=null
  m_FontData:
    m_Font: {fileID: 12800000, guid: 218956a5c2a6e42d6a60afccf80b002b, type: 3}
    m_FontSize: 60
    m_FontStyle: 0
    m_BestFit: 0
    m_MinSize: 10
    m_MaxSize: 60
    m_Alignment: 4
    m_AlignByGeometry: 0
    m_RichText: 1
    m_HorizontalOverflow: 0
    m_VerticalOverflow: 0
    m_LineSpacing: 1
  m_Text: 24
--- !u!222 &1190600923
CanvasRenderer:
  m_ObjectHideFlags: 0
  m_PrefabParentObject: {fileID: 22261398, guid: 23f93f990df7e3646971be1a8dcd5643,
    type: 2}
  m_PrefabInternal: {fileID: 331928895}
  m_GameObject: {fileID: 1190600920}
--- !u!1 &1196660945
GameObject:
  m_ObjectHideFlags: 0
  m_PrefabParentObject: {fileID: 161400, guid: 23f93f990df7e3646971be1a8dcd5643, type: 2}
  m_PrefabInternal: {fileID: 331928895}
  serializedVersion: 4
  m_Component:
  - 224: {fileID: 1196660949}
  - 223: {fileID: 1196660948}
  - 114: {fileID: 1196660947}
  - 114: {fileID: 1196660946}
  m_Layer: 5
  m_Name: GameExample_23
  m_TagString: Untagged
  m_Icon: {fileID: 0}
  m_NavMeshLayer: 0
  m_StaticEditorFlags: 0
  m_IsActive: 1
--- !u!114 &1196660946
MonoBehaviour:
  m_ObjectHideFlags: 0
  m_PrefabParentObject: {fileID: 11461398, guid: 23f93f990df7e3646971be1a8dcd5643,
    type: 2}
  m_PrefabInternal: {fileID: 331928895}
  m_GameObject: {fileID: 1196660945}
  m_Enabled: 1
  m_EditorHideFlags: 0
  m_Script: {fileID: 1301386320, guid: f5f67c52d1564df4a8936ccd202a3bd8, type: 3}
  m_Name: 
  m_EditorClassIdentifier: 
  m_IgnoreReversedGraphics: 1
  m_BlockingObjects: 0
  m_BlockingMask:
    serializedVersion: 2
    m_Bits: 4294967295
--- !u!114 &1196660947
MonoBehaviour:
  m_ObjectHideFlags: 0
  m_PrefabParentObject: {fileID: 11461396, guid: 23f93f990df7e3646971be1a8dcd5643,
    type: 2}
  m_PrefabInternal: {fileID: 331928895}
  m_GameObject: {fileID: 1196660945}
  m_Enabled: 1
  m_EditorHideFlags: 0
  m_Script: {fileID: 1980459831, guid: f5f67c52d1564df4a8936ccd202a3bd8, type: 3}
  m_Name: 
  m_EditorClassIdentifier: 
  m_UiScaleMode: 1
  m_ReferencePixelsPerUnit: 100
  m_ScaleFactor: 1
  m_ReferenceResolution: {x: 1136, y: 640}
  m_ScreenMatchMode: 0
  m_MatchWidthOrHeight: 0
  m_PhysicalUnit: 3
  m_FallbackScreenDPI: 96
  m_DefaultSpriteDPI: 96
  m_DynamicPixelsPerUnit: 1
--- !u!223 &1196660948
Canvas:
  m_ObjectHideFlags: 0
  m_PrefabParentObject: {fileID: 22361400, guid: 23f93f990df7e3646971be1a8dcd5643,
    type: 2}
  m_PrefabInternal: {fileID: 331928895}
  m_GameObject: {fileID: 1196660945}
  m_Enabled: 1
  serializedVersion: 2
  m_RenderMode: 0
  m_Camera: {fileID: 0}
  m_PlaneDistance: 100
  m_PixelPerfect: 1
  m_ReceivesEvents: 1
  m_OverrideSorting: 0
  m_OverridePixelPerfect: 0
  m_SortingLayerID: 0
  m_SortingOrder: 0
  m_TargetDisplay: 0
--- !u!224 &1196660949
RectTransform:
  m_ObjectHideFlags: 0
  m_PrefabParentObject: {fileID: 22461400, guid: 23f93f990df7e3646971be1a8dcd5643,
    type: 2}
  m_PrefabInternal: {fileID: 331928895}
  m_GameObject: {fileID: 1196660945}
  m_LocalRotation: {x: 0, y: 0, z: 0, w: 1}
  m_LocalPosition: {x: 0, y: 0, z: 0}
  m_LocalScale: {x: 0, y: 0, z: 0}
  m_Children:
  - {fileID: 1934339462}
  - {fileID: 473576606}
  m_Father: {fileID: 0}
  m_RootOrder: 0
  m_AnchorMin: {x: 0, y: 0}
  m_AnchorMax: {x: 0, y: 0}
  m_AnchoredPosition: {x: 0, y: 0}
  m_SizeDelta: {x: 0, y: 0}
  m_Pivot: {x: 0, y: 0}
--- !u!1 &1268160495
GameObject:
  m_ObjectHideFlags: 0
  m_PrefabParentObject: {fileID: 161384, guid: 23f93f990df7e3646971be1a8dcd5643, type: 2}
  m_PrefabInternal: {fileID: 331928895}
  serializedVersion: 4
  m_Component:
  - 224: {fileID: 1268160496}
  - 222: {fileID: 1268160498}
  - 114: {fileID: 1268160497}
  m_Layer: 5
  m_Name: Text
  m_TagString: Untagged
  m_Icon: {fileID: 0}
  m_NavMeshLayer: 0
  m_StaticEditorFlags: 0
  m_IsActive: 1
--- !u!224 &1268160496
RectTransform:
  m_ObjectHideFlags: 0
  m_PrefabParentObject: {fileID: 22461384, guid: 23f93f990df7e3646971be1a8dcd5643,
    type: 2}
  m_PrefabInternal: {fileID: 331928895}
  m_GameObject: {fileID: 1268160495}
  m_LocalRotation: {x: 0, y: 0, z: 0, w: 1}
  m_LocalPosition: {x: 0, y: 0, z: 0}
  m_LocalScale: {x: 1.1428572, y: 1.1428572, z: 1}
  m_Children: []
  m_Father: {fileID: 1574418219}
  m_RootOrder: 1
  m_AnchorMin: {x: 0.5, y: 0.5}
  m_AnchorMax: {x: 0.5, y: 0.5}
  m_AnchoredPosition: {x: 0, y: 1.9}
  m_SizeDelta: {x: 205.4, y: 81.7}
  m_Pivot: {x: 0.5, y: 0.5}
--- !u!114 &1268160497
MonoBehaviour:
  m_ObjectHideFlags: 0
  m_PrefabParentObject: {fileID: 11461378, guid: 23f93f990df7e3646971be1a8dcd5643,
    type: 2}
  m_PrefabInternal: {fileID: 331928895}
  m_GameObject: {fileID: 1268160495}
  m_Enabled: 1
  m_EditorHideFlags: 0
  m_Script: {fileID: 708705254, guid: f5f67c52d1564df4a8936ccd202a3bd8, type: 3}
  m_Name: 
  m_EditorClassIdentifier: 
  m_Material: {fileID: 0}
  m_Color: {r: 0.9411765, g: 0.9411765, b: 0.9411765, a: 1}
  m_RaycastTarget: 1
  m_OnCullStateChanged:
    m_PersistentCalls:
      m_Calls: []
    m_TypeName: UnityEngine.UI.MaskableGraphic+CullStateChangedEvent, UnityEngine.UI,
      Version=1.0.0.0, Culture=neutral, PublicKeyToken=null
  m_FontData:
    m_Font: {fileID: 12800000, guid: 218956a5c2a6e42d6a60afccf80b002b, type: 3}
    m_FontSize: 35
    m_FontStyle: 0
    m_BestFit: 0
    m_MinSize: 10
    m_MaxSize: 40
    m_Alignment: 4
    m_AlignByGeometry: 0
    m_RichText: 1
    m_HorizontalOverflow: 0
    m_VerticalOverflow: 0
    m_LineSpacing: 1
  m_Text: restart
--- !u!222 &1268160498
CanvasRenderer:
  m_ObjectHideFlags: 0
  m_PrefabParentObject: {fileID: 22261386, guid: 23f93f990df7e3646971be1a8dcd5643,
    type: 2}
  m_PrefabInternal: {fileID: 331928895}
  m_GameObject: {fileID: 1268160495}
--- !u!1 &1355315843
GameObject:
  m_ObjectHideFlags: 0
  m_PrefabParentObject: {fileID: 161372, guid: 23f93f990df7e3646971be1a8dcd5643, type: 2}
  m_PrefabInternal: {fileID: 331928895}
  serializedVersion: 4
  m_Component:
  - 224: {fileID: 1355315844}
  - 222: {fileID: 1355315846}
  - 114: {fileID: 1355315845}
  m_Layer: 5
  m_Name: Text
  m_TagString: Untagged
  m_Icon: {fileID: 0}
  m_NavMeshLayer: 0
  m_StaticEditorFlags: 0
  m_IsActive: 1
--- !u!224 &1355315844
RectTransform:
  m_ObjectHideFlags: 0
  m_PrefabParentObject: {fileID: 22461372, guid: 23f93f990df7e3646971be1a8dcd5643,
    type: 2}
  m_PrefabInternal: {fileID: 331928895}
  m_GameObject: {fileID: 1355315843}
  m_LocalRotation: {x: 0, y: 0, z: -0.7071068, w: 0.7071068}
  m_LocalPosition: {x: 0, y: 0, z: 0}
  m_LocalScale: {x: 1, y: 1, z: 1}
  m_Children: []
  m_Father: {fileID: 818342232}
  m_RootOrder: 0
  m_AnchorMin: {x: 1, y: 0.5}
  m_AnchorMax: {x: 1, y: 0.5}
  m_AnchoredPosition: {x: -64, y: 123}
  m_SizeDelta: {x: 337, y: 88}
  m_Pivot: {x: 0.5, y: 0.5}
--- !u!114 &1355315845
MonoBehaviour:
  m_ObjectHideFlags: 0
  m_PrefabParentObject: {fileID: 11461364, guid: 23f93f990df7e3646971be1a8dcd5643,
    type: 2}
  m_PrefabInternal: {fileID: 331928895}
  m_GameObject: {fileID: 1355315843}
  m_Enabled: 1
  m_EditorHideFlags: 0
  m_Script: {fileID: 708705254, guid: f5f67c52d1564df4a8936ccd202a3bd8, type: 3}
  m_Name: 
  m_EditorClassIdentifier: 
  m_Material: {fileID: 0}
  m_Color: {r: 0.9411765, g: 0.9411765, b: 0.9411765, a: 1}
  m_RaycastTarget: 1
  m_OnCullStateChanged:
    m_PersistentCalls:
      m_Calls: []
    m_TypeName: UnityEngine.UI.MaskableGraphic+CullStateChangedEvent, UnityEngine.UI,
      Version=1.0.0.0, Culture=neutral, PublicKeyToken=null
  m_FontData:
    m_Font: {fileID: 12800000, guid: 7dfc2e1472ac84e1bb749a8a9f934483, type: 3}
    m_FontSize: 48
    m_FontStyle: 0
    m_BestFit: 0
    m_MinSize: 10
    m_MaxSize: 48
    m_Alignment: 3
    m_AlignByGeometry: 0
    m_RichText: 1
    m_HorizontalOverflow: 0
    m_VerticalOverflow: 0
    m_LineSpacing: 1
  m_Text: LEVEL TWO
--- !u!222 &1355315846
CanvasRenderer:
  m_ObjectHideFlags: 0
  m_PrefabParentObject: {fileID: 22261374, guid: 23f93f990df7e3646971be1a8dcd5643,
    type: 2}
  m_PrefabInternal: {fileID: 331928895}
  m_GameObject: {fileID: 1355315843}
--- !u!1 &1500371475
GameObject:
  m_ObjectHideFlags: 0
  m_PrefabParentObject: {fileID: 0}
  m_PrefabInternal: {fileID: 0}
  serializedVersion: 4
  m_Component:
  - 4: {fileID: 1500371479}
  - 114: {fileID: 1500371478}
  - 114: {fileID: 1500371477}
  - 114: {fileID: 1500371476}
  m_Layer: 0
  m_Name: EventSystem
  m_TagString: Untagged
  m_Icon: {fileID: 0}
  m_NavMeshLayer: 0
  m_StaticEditorFlags: 0
  m_IsActive: 1
--- !u!114 &1500371476
MonoBehaviour:
  m_ObjectHideFlags: 0
  m_PrefabParentObject: {fileID: 0}
  m_PrefabInternal: {fileID: 0}
  m_GameObject: {fileID: 1500371475}
  m_Enabled: 1
  m_EditorHideFlags: 0
  m_Script: {fileID: 1997211142, guid: f5f67c52d1564df4a8936ccd202a3bd8, type: 3}
  m_Name: 
  m_EditorClassIdentifier: 
  m_ForceModuleActive: 0
--- !u!114 &1500371477
MonoBehaviour:
  m_ObjectHideFlags: 0
  m_PrefabParentObject: {fileID: 0}
  m_PrefabInternal: {fileID: 0}
  m_GameObject: {fileID: 1500371475}
  m_Enabled: 1
  m_EditorHideFlags: 0
  m_Script: {fileID: 1077351063, guid: f5f67c52d1564df4a8936ccd202a3bd8, type: 3}
  m_Name: 
  m_EditorClassIdentifier: 
  m_HorizontalAxis: Horizontal
  m_VerticalAxis: Vertical
  m_SubmitButton: Submit
  m_CancelButton: Cancel
  m_InputActionsPerSecond: 10
  m_RepeatDelay: 0.5
  m_ForceModuleActive: 0
--- !u!114 &1500371478
MonoBehaviour:
  m_ObjectHideFlags: 0
  m_PrefabParentObject: {fileID: 0}
  m_PrefabInternal: {fileID: 0}
  m_GameObject: {fileID: 1500371475}
  m_Enabled: 1
  m_EditorHideFlags: 0
  m_Script: {fileID: -619905303, guid: f5f67c52d1564df4a8936ccd202a3bd8, type: 3}
  m_Name: 
  m_EditorClassIdentifier: 
  m_FirstSelected: {fileID: 0}
  m_sendNavigationEvents: 1
  m_DragThreshold: 5
--- !u!4 &1500371479
Transform:
  m_ObjectHideFlags: 0
  m_PrefabParentObject: {fileID: 0}
  m_PrefabInternal: {fileID: 0}
  m_GameObject: {fileID: 1500371475}
  m_LocalRotation: {x: 0, y: 0, z: 0, w: 1}
  m_LocalPosition: {x: 0, y: 0, z: 0}
  m_LocalScale: {x: 1, y: 1, z: 1}
  m_Children: []
  m_Father: {fileID: 0}
  m_RootOrder: 1
--- !u!1 &1511305452
GameObject:
  m_ObjectHideFlags: 0
  m_PrefabParentObject: {fileID: 0}
  m_PrefabInternal: {fileID: 0}
  serializedVersion: 4
  m_Component:
  - 4: {fileID: 1511305453}
  m_Layer: 0
  m_Name: __SET_YOUR_GAMESCREEN_TO_1136x640
  m_TagString: Untagged
  m_Icon: {fileID: 0}
  m_NavMeshLayer: 0
  m_StaticEditorFlags: 0
  m_IsActive: 1
--- !u!4 &1511305453
Transform:
  m_ObjectHideFlags: 0
  m_PrefabParentObject: {fileID: 0}
  m_PrefabInternal: {fileID: 0}
  m_GameObject: {fileID: 1511305452}
  m_LocalRotation: {x: 0, y: 0, z: 0, w: 1}
  m_LocalPosition: {x: 494.995, y: 627.74, z: 0}
  m_LocalScale: {x: 1, y: 1, z: 1}
  m_Children: []
  m_Father: {fileID: 0}
  m_RootOrder: 2
--- !u!1 &1536050188
GameObject:
  m_ObjectHideFlags: 0
  m_PrefabParentObject: {fileID: 161390, guid: 23f93f990df7e3646971be1a8dcd5643, type: 2}
  m_PrefabInternal: {fileID: 331928895}
  serializedVersion: 4
  m_Component:
  - 224: {fileID: 1536050189}
  - 222: {fileID: 1536050191}
  - 114: {fileID: 1536050190}
  m_Layer: 5
  m_Name: Panel
  m_TagString: Untagged
  m_Icon: {fileID: 0}
  m_NavMeshLayer: 0
  m_StaticEditorFlags: 0
  m_IsActive: 1
--- !u!224 &1536050189
RectTransform:
  m_ObjectHideFlags: 0
  m_PrefabParentObject: {fileID: 22461390, guid: 23f93f990df7e3646971be1a8dcd5643,
    type: 2}
  m_PrefabInternal: {fileID: 331928895}
  m_GameObject: {fileID: 1536050188}
  m_LocalRotation: {x: 0, y: 0, z: 0, w: 1}
  m_LocalPosition: {x: 0, y: 0, z: 0}
  m_LocalScale: {x: 0.8571429, y: 0.8571429, z: 1}
  m_Children: []
  m_Father: {fileID: 1574418219}
  m_RootOrder: 0
  m_AnchorMin: {x: 0.5, y: 0.5}
  m_AnchorMax: {x: 0.5, y: 0.5}
  m_AnchoredPosition: {x: 0, y: 0.00021362305}
  m_SizeDelta: {x: 299.8, y: 100}
  m_Pivot: {x: 0.5, y: 0.5}
--- !u!114 &1536050190
MonoBehaviour:
  m_ObjectHideFlags: 0
  m_PrefabParentObject: {fileID: 11461386, guid: 23f93f990df7e3646971be1a8dcd5643,
    type: 2}
  m_PrefabInternal: {fileID: 331928895}
  m_GameObject: {fileID: 1536050188}
  m_Enabled: 1
  m_EditorHideFlags: 0
  m_Script: {fileID: -765806418, guid: f5f67c52d1564df4a8936ccd202a3bd8, type: 3}
  m_Name: 
  m_EditorClassIdentifier: 
  m_Material: {fileID: 0}
  m_Color: {r: 1, g: 0.41568625, b: 0.4449834, a: 1}
  m_RaycastTarget: 1
  m_OnCullStateChanged:
    m_PersistentCalls:
      m_Calls: []
    m_TypeName: UnityEngine.UI.MaskableGraphic+CullStateChangedEvent, UnityEngine.UI,
      Version=1.0.0.0, Culture=neutral, PublicKeyToken=null
  m_Sprite: {fileID: 21300000, guid: d933e3d481575ca4b8c63bf881596b5f, type: 3}
  m_Type: 0
  m_PreserveAspect: 0
  m_FillCenter: 1
  m_FillMethod: 4
  m_FillAmount: 1
  m_FillClockwise: 1
  m_FillOrigin: 0
--- !u!222 &1536050191
CanvasRenderer:
  m_ObjectHideFlags: 0
  m_PrefabParentObject: {fileID: 22261392, guid: 23f93f990df7e3646971be1a8dcd5643,
    type: 2}
  m_PrefabInternal: {fileID: 331928895}
  m_GameObject: {fileID: 1536050188}
--- !u!1 &1574418218
GameObject:
  m_ObjectHideFlags: 0
  m_PrefabParentObject: {fileID: 161378, guid: 23f93f990df7e3646971be1a8dcd5643, type: 2}
  m_PrefabInternal: {fileID: 331928895}
  serializedVersion: 4
  m_Component:
  - 224: {fileID: 1574418219}
  - 222: {fileID: 1574418222}
  - 114: {fileID: 1574418221}
  - 114: {fileID: 1574418220}
  m_Layer: 5
  m_Name: ButtonRestart
  m_TagString: Untagged
  m_Icon: {fileID: 0}
  m_NavMeshLayer: 0
  m_StaticEditorFlags: 0
  m_IsActive: 1
--- !u!224 &1574418219
RectTransform:
  m_ObjectHideFlags: 0
  m_PrefabParentObject: {fileID: 22461378, guid: 23f93f990df7e3646971be1a8dcd5643,
    type: 2}
  m_PrefabInternal: {fileID: 331928895}
  m_GameObject: {fileID: 1574418218}
  m_LocalRotation: {x: 0, y: 0, z: 0, w: 1}
  m_LocalPosition: {x: 0, y: 0, z: 0}
  m_LocalScale: {x: 0.7, y: 0.7, z: 1}
  m_Children:
  - {fileID: 1536050189}
  - {fileID: 1268160496}
  m_Father: {fileID: 473576606}
  m_RootOrder: 5
  m_AnchorMin: {x: 0.5, y: 0.5}
  m_AnchorMax: {x: 0.5, y: 0.5}
  m_AnchoredPosition: {x: -394, y: -237.00012}
  m_SizeDelta: {x: 278.3, y: 100}
  m_Pivot: {x: 0.5, y: 0.5}
--- !u!114 &1574418220
MonoBehaviour:
  m_ObjectHideFlags: 0
  m_PrefabParentObject: {fileID: 11461400, guid: 23f93f990df7e3646971be1a8dcd5643,
    type: 2}
  m_PrefabInternal: {fileID: 331928895}
  m_GameObject: {fileID: 1574418218}
  m_Enabled: 1
  m_EditorHideFlags: 0
  m_Script: {fileID: 1392445389, guid: f5f67c52d1564df4a8936ccd202a3bd8, type: 3}
  m_Name: 
  m_EditorClassIdentifier: 
  m_Navigation:
    m_Mode: 3
    m_SelectOnUp: {fileID: 0}
    m_SelectOnDown: {fileID: 0}
    m_SelectOnLeft: {fileID: 0}
    m_SelectOnRight: {fileID: 0}
  m_Transition: 1
  m_Colors:
    m_NormalColor: {r: 1, g: 1, b: 1, a: 1}
    m_HighlightedColor: {r: 0.9607843, g: 0.9607843, b: 0.9607843, a: 1}
    m_PressedColor: {r: 0.78431374, g: 0.78431374, b: 0.78431374, a: 1}
    m_DisabledColor: {r: 0.78431374, g: 0.78431374, b: 0.78431374, a: 0.5019608}
    m_ColorMultiplier: 1
    m_FadeDuration: 0.1
  m_SpriteState:
    m_HighlightedSprite: {fileID: 0}
    m_PressedSprite: {fileID: 0}
    m_DisabledSprite: {fileID: 0}
  m_AnimationTriggers:
    m_NormalTrigger: Normal
    m_HighlightedTrigger: Highlighted
    m_PressedTrigger: Pressed
    m_DisabledTrigger: Disabled
  m_Interactable: 1
  m_TargetGraphic: {fileID: 1574418221}
  m_OnClick:
    m_PersistentCalls:
      m_Calls: []
    m_TypeName: UnityEngine.UI.Button+ButtonClickedEvent, UnityEngine.UI, Version=1.0.0.0,
      Culture=neutral, PublicKeyToken=null
--- !u!114 &1574418221
MonoBehaviour:
  m_ObjectHideFlags: 0
  m_PrefabParentObject: {fileID: 11461370, guid: 23f93f990df7e3646971be1a8dcd5643,
    type: 2}
  m_PrefabInternal: {fileID: 331928895}
  m_GameObject: {fileID: 1574418218}
  m_Enabled: 1
  m_EditorHideFlags: 0
  m_Script: {fileID: -765806418, guid: f5f67c52d1564df4a8936ccd202a3bd8, type: 3}
  m_Name: 
  m_EditorClassIdentifier: 
  m_Material: {fileID: 0}
  m_Color: {r: 1, g: 0.41568625, b: 0.4449834, a: 1}
  m_RaycastTarget: 1
  m_OnCullStateChanged:
    m_PersistentCalls:
      m_Calls: []
    m_TypeName: UnityEngine.UI.MaskableGraphic+CullStateChangedEvent, UnityEngine.UI,
      Version=1.0.0.0, Culture=neutral, PublicKeyToken=null
  m_Sprite: {fileID: 21300000, guid: 89400dff2e014aa4d8de45b86be7eb3b, type: 3}
  m_Type: 1
  m_PreserveAspect: 0
  m_FillCenter: 1
  m_FillMethod: 4
  m_FillAmount: 1
  m_FillClockwise: 1
  m_FillOrigin: 0
--- !u!222 &1574418222
CanvasRenderer:
  m_ObjectHideFlags: 0
  m_PrefabParentObject: {fileID: 22261380, guid: 23f93f990df7e3646971be1a8dcd5643,
    type: 2}
  m_PrefabInternal: {fileID: 331928895}
  m_GameObject: {fileID: 1574418218}
--- !u!1 &1664362018
GameObject:
  m_ObjectHideFlags: 0
  m_PrefabParentObject: {fileID: 161370, guid: 23f93f990df7e3646971be1a8dcd5643, type: 2}
  m_PrefabInternal: {fileID: 331928895}
  serializedVersion: 4
  m_Component:
  - 224: {fileID: 1664362019}
  - 222: {fileID: 1664362021}
  - 114: {fileID: 1664362020}
  m_Layer: 5
  m_Name: AppTitle
  m_TagString: Untagged
  m_Icon: {fileID: 0}
  m_NavMeshLayer: 0
  m_StaticEditorFlags: 0
  m_IsActive: 1
--- !u!224 &1664362019
RectTransform:
  m_ObjectHideFlags: 0
  m_PrefabParentObject: {fileID: 22461370, guid: 23f93f990df7e3646971be1a8dcd5643,
    type: 2}
  m_PrefabInternal: {fileID: 331928895}
  m_GameObject: {fileID: 1664362018}
  m_LocalRotation: {x: 0, y: 0, z: 0, w: 1}
  m_LocalPosition: {x: 0, y: 0, z: 0}
  m_LocalScale: {x: 1, y: 1, z: 1}
  m_Children: []
  m_Father: {fileID: 1934339462}
  m_RootOrder: 0
  m_AnchorMin: {x: 0.5, y: 0.5}
  m_AnchorMax: {x: 0.5, y: 0.5}
  m_AnchoredPosition: {x: 295, y: -68}
  m_SizeDelta: {x: 695, y: 109}
  m_Pivot: {x: 0.5, y: 0.5}
--- !u!114 &1664362020
MonoBehaviour:
  m_ObjectHideFlags: 0
  m_PrefabParentObject: {fileID: 11461362, guid: 23f93f990df7e3646971be1a8dcd5643,
    type: 2}
  m_PrefabInternal: {fileID: 331928895}
  m_GameObject: {fileID: 1664362018}
  m_Enabled: 1
  m_EditorHideFlags: 0
  m_Script: {fileID: 708705254, guid: f5f67c52d1564df4a8936ccd202a3bd8, type: 3}
  m_Name: 
  m_EditorClassIdentifier: 
  m_Material: {fileID: 0}
  m_Color: {r: 0.85490197, g: 0.85490197, b: 0.85490197, a: 1}
  m_RaycastTarget: 1
  m_OnCullStateChanged:
    m_PersistentCalls:
      m_Calls: []
    m_TypeName: UnityEngine.UI.MaskableGraphic+CullStateChangedEvent, UnityEngine.UI,
      Version=1.0.0.0, Culture=neutral, PublicKeyToken=null
  m_FontData:
    m_Font: {fileID: 12800000, guid: 218956a5c2a6e42d6a60afccf80b002b, type: 3}
    m_FontSize: 40
    m_FontStyle: 0
    m_BestFit: 0
    m_MinSize: 10
    m_MaxSize: 40
    m_Alignment: 0
    m_AlignByGeometry: 0
    m_RichText: 1
    m_HorizontalOverflow: 0
    m_VerticalOverflow: 1
    m_LineSpacing: 1
  m_Text: EXAMPLE
--- !u!222 &1664362021
CanvasRenderer:
  m_ObjectHideFlags: 0
  m_PrefabParentObject: {fileID: 22261372, guid: 23f93f990df7e3646971be1a8dcd5643,
    type: 2}
  m_PrefabInternal: {fileID: 331928895}
  m_GameObject: {fileID: 1664362018}
--- !u!1 &1793077237
GameObject:
  m_ObjectHideFlags: 0
  m_PrefabParentObject: {fileID: 161392, guid: 23f93f990df7e3646971be1a8dcd5643, type: 2}
  m_PrefabInternal: {fileID: 331928895}
  serializedVersion: 4
  m_Component:
  - 224: {fileID: 1793077238}
  - 222: {fileID: 1793077240}
  - 114: {fileID: 1793077239}
  m_Layer: 5
  m_Name: Text
  m_TagString: Untagged
  m_Icon: {fileID: 0}
  m_NavMeshLayer: 0
  m_StaticEditorFlags: 0
  m_IsActive: 1
--- !u!224 &1793077238
RectTransform:
  m_ObjectHideFlags: 0
  m_PrefabParentObject: {fileID: 22461392, guid: 23f93f990df7e3646971be1a8dcd5643,
    type: 2}
  m_PrefabInternal: {fileID: 331928895}
  m_GameObject: {fileID: 1793077237}
  m_LocalRotation: {x: 0, y: 0, z: 0, w: 1}
  m_LocalPosition: {x: 0, y: 0, z: 0}
  m_LocalScale: {x: 1, y: 1, z: 1}
  m_Children: []
  m_Father: {fileID: 1844182960}
  m_RootOrder: 0
  m_AnchorMin: {x: 0.5, y: 0.5}
  m_AnchorMax: {x: 0.5, y: 0.5}
  m_AnchoredPosition: {x: 0, y: 0}
  m_SizeDelta: {x: 101, y: 86}
  m_Pivot: {x: 0.5, y: 0.5}
--- !u!114 &1793077239
MonoBehaviour:
  m_ObjectHideFlags: 0
  m_PrefabParentObject: {fileID: 11461388, guid: 23f93f990df7e3646971be1a8dcd5643,
    type: 2}
  m_PrefabInternal: {fileID: 331928895}
  m_GameObject: {fileID: 1793077237}
  m_Enabled: 1
  m_EditorHideFlags: 0
  m_Script: {fileID: 708705254, guid: f5f67c52d1564df4a8936ccd202a3bd8, type: 3}
  m_Name: 
  m_EditorClassIdentifier: 
  m_Material: {fileID: 0}
  m_Color: {r: 0.9411765, g: 0.9411765, b: 0.9411765, a: 1}
  m_RaycastTarget: 1
  m_OnCullStateChanged:
    m_PersistentCalls:
      m_Calls: []
    m_TypeName: UnityEngine.UI.MaskableGraphic+CullStateChangedEvent, UnityEngine.UI,
      Version=1.0.0.0, Culture=neutral, PublicKeyToken=null
  m_FontData:
    m_Font: {fileID: 12800000, guid: 218956a5c2a6e42d6a60afccf80b002b, type: 3}
    m_FontSize: 48
    m_FontStyle: 0
    m_BestFit: 0
    m_MinSize: 10
    m_MaxSize: 48
    m_Alignment: 4
    m_AlignByGeometry: 0
    m_RichText: 1
    m_HorizontalOverflow: 0
    m_VerticalOverflow: 0
    m_LineSpacing: 1
  m_Text: 15
--- !u!222 &1793077240
CanvasRenderer:
  m_ObjectHideFlags: 0
  m_PrefabParentObject: {fileID: 22261394, guid: 23f93f990df7e3646971be1a8dcd5643,
    type: 2}
  m_PrefabInternal: {fileID: 331928895}
  m_GameObject: {fileID: 1793077237}
--- !u!1 &1844182959
GameObject:
  m_ObjectHideFlags: 0
  m_PrefabParentObject: {fileID: 161374, guid: 23f93f990df7e3646971be1a8dcd5643, type: 2}
  m_PrefabInternal: {fileID: 331928895}
  serializedVersion: 4
  m_Component:
  - 224: {fileID: 1844182960}
  - 222: {fileID: 1844182962}
  - 114: {fileID: 1844182961}
  m_Layer: 5
  m_Name: CircleBlock
  m_TagString: Untagged
  m_Icon: {fileID: 0}
  m_NavMeshLayer: 0
  m_StaticEditorFlags: 0
  m_IsActive: 1
--- !u!224 &1844182960
RectTransform:
  m_ObjectHideFlags: 0
  m_PrefabParentObject: {fileID: 22461374, guid: 23f93f990df7e3646971be1a8dcd5643,
    type: 2}
  m_PrefabInternal: {fileID: 331928895}
  m_GameObject: {fileID: 1844182959}
  m_LocalRotation: {x: 0, y: 0, z: 0, w: 1}
  m_LocalPosition: {x: 0, y: 0, z: 0}
  m_LocalScale: {x: 1, y: 1, z: 1}
  m_Children:
  - {fileID: 1793077238}
  m_Father: {fileID: 473576606}
  m_RootOrder: 2
  m_AnchorMin: {x: 0.5, y: 0.5}
  m_AnchorMax: {x: 0.5, y: 0.5}
  m_AnchoredPosition: {x: 194, y: 102}
  m_SizeDelta: {x: 184, y: 184}
  m_Pivot: {x: 0.5, y: 0.5}
--- !u!114 &1844182961
MonoBehaviour:
  m_ObjectHideFlags: 0
  m_PrefabParentObject: {fileID: 11461366, guid: 23f93f990df7e3646971be1a8dcd5643,
    type: 2}
  m_PrefabInternal: {fileID: 331928895}
  m_GameObject: {fileID: 1844182959}
  m_Enabled: 1
  m_EditorHideFlags: 0
  m_Script: {fileID: -765806418, guid: f5f67c52d1564df4a8936ccd202a3bd8, type: 3}
  m_Name: 
  m_EditorClassIdentifier: 
  m_Material: {fileID: 0}
  m_Color: {r: 0.2647059, g: 0.2647059, b: 0.2647059, a: 1}
  m_RaycastTarget: 1
  m_OnCullStateChanged:
    m_PersistentCalls:
      m_Calls: []
    m_TypeName: UnityEngine.UI.MaskableGraphic+CullStateChangedEvent, UnityEngine.UI,
      Version=1.0.0.0, Culture=neutral, PublicKeyToken=null
  m_Sprite: {fileID: 21300000, guid: 291502478103f274da140dc9d17c64dc, type: 3}
  m_Type: 0
  m_PreserveAspect: 0
  m_FillCenter: 1
  m_FillMethod: 4
  m_FillAmount: 1
  m_FillClockwise: 1
  m_FillOrigin: 0
--- !u!222 &1844182962
CanvasRenderer:
  m_ObjectHideFlags: 0
  m_PrefabParentObject: {fileID: 22261376, guid: 23f93f990df7e3646971be1a8dcd5643,
    type: 2}
  m_PrefabInternal: {fileID: 331928895}
  m_GameObject: {fileID: 1844182959}
--- !u!1 &1934339461
GameObject:
  m_ObjectHideFlags: 0
  m_PrefabParentObject: {fileID: 161398, guid: 23f93f990df7e3646971be1a8dcd5643, type: 2}
  m_PrefabInternal: {fileID: 331928895}
  serializedVersion: 4
  m_Component:
  - 224: {fileID: 1934339462}
  - 222: {fileID: 1934339464}
  - 114: {fileID: 1934339463}
  m_Layer: 5
  m_Name: AppTitle
  m_TagString: Untagged
  m_Icon: {fileID: 0}
  m_NavMeshLayer: 0
  m_StaticEditorFlags: 0
  m_IsActive: 1
--- !u!224 &1934339462
RectTransform:
  m_ObjectHideFlags: 0
  m_PrefabParentObject: {fileID: 22461398, guid: 23f93f990df7e3646971be1a8dcd5643,
    type: 2}
  m_PrefabInternal: {fileID: 331928895}
  m_GameObject: {fileID: 1934339461}
  m_LocalRotation: {x: 0, y: 0, z: 0, w: 1}
  m_LocalPosition: {x: 0, y: 0, z: 0}
  m_LocalScale: {x: 1, y: 1, z: 1}
  m_Children:
  - {fileID: 1664362019}
  m_Father: {fileID: 1196660949}
  m_RootOrder: 0
  m_AnchorMin: {x: 0.5, y: 0.5}
  m_AnchorMax: {x: 0.5, y: 0.5}
  m_AnchoredPosition: {x: -220.5, y: 386}
  m_SizeDelta: {x: 695, y: 109}
  m_Pivot: {x: 0.5, y: 0.5}
--- !u!114 &1934339463
MonoBehaviour:
  m_ObjectHideFlags: 0
  m_PrefabParentObject: {fileID: 11461394, guid: 23f93f990df7e3646971be1a8dcd5643,
    type: 2}
  m_PrefabInternal: {fileID: 331928895}
  m_GameObject: {fileID: 1934339461}
  m_Enabled: 1
  m_EditorHideFlags: 0
  m_Script: {fileID: 708705254, guid: f5f67c52d1564df4a8936ccd202a3bd8, type: 3}
  m_Name: 
  m_EditorClassIdentifier: 
  m_Material: {fileID: 0}
  m_Color: {r: 0.85490197, g: 0.85490197, b: 0.85490197, a: 1}
  m_RaycastTarget: 1
  m_OnCullStateChanged:
    m_PersistentCalls:
      m_Calls: []
    m_TypeName: UnityEngine.UI.MaskableGraphic+CullStateChangedEvent, UnityEngine.UI,
      Version=1.0.0.0, Culture=neutral, PublicKeyToken=null
  m_FontData:
    m_Font: {fileID: 12800000, guid: 218956a5c2a6e42d6a60afccf80b002b, type: 3}
    m_FontSize: 102
    m_FontStyle: 0
    m_BestFit: 0
    m_MinSize: 10
    m_MaxSize: 102
    m_Alignment: 0
    m_AlignByGeometry: 0
    m_RichText: 1
    m_HorizontalOverflow: 0
    m_VerticalOverflow: 1
    m_LineSpacing: 1
  m_Text: GAME
--- !u!222 &1934339464
CanvasRenderer:
  m_ObjectHideFlags: 0
  m_PrefabParentObject: {fileID: 22261400, guid: 23f93f990df7e3646971be1a8dcd5643,
    type: 2}
  m_PrefabInternal: {fileID: 331928895}
  m_GameObject: {fileID: 1934339461}
--- !u!1 &2035281794
GameObject:
  m_ObjectHideFlags: 0
  m_PrefabParentObject: {fileID: 161376, guid: 23f93f990df7e3646971be1a8dcd5643, type: 2}
  m_PrefabInternal: {fileID: 331928895}
  serializedVersion: 4
  m_Component:
  - 224: {fileID: 2035281795}
  - 222: {fileID: 2035281797}
  - 114: {fileID: 2035281796}
  m_Layer: 5
  m_Name: Text
  m_TagString: Untagged
  m_Icon: {fileID: 0}
  m_NavMeshLayer: 0
  m_StaticEditorFlags: 0
  m_IsActive: 1
--- !u!224 &2035281795
RectTransform:
  m_ObjectHideFlags: 0
  m_PrefabParentObject: {fileID: 22461376, guid: 23f93f990df7e3646971be1a8dcd5643,
    type: 2}
  m_PrefabInternal: {fileID: 331928895}
  m_GameObject: {fileID: 2035281794}
  m_LocalRotation: {x: 0, y: 0, z: 0, w: 1}
  m_LocalPosition: {x: 0, y: 0, z: 0}
  m_LocalScale: {x: 1, y: 1, z: 1}
  m_Children: []
  m_Father: {fileID: 818342232}
  m_RootOrder: 1
  m_AnchorMin: {x: 1, y: 0.5}
  m_AnchorMax: {x: 1, y: 0.5}
  m_AnchoredPosition: {x: -62.5, y: -159}
  m_SizeDelta: {x: 69, y: 87}
  m_Pivot: {x: 0.5, y: 0.5}
--- !u!114 &2035281796
MonoBehaviour:
  m_ObjectHideFlags: 0
  m_PrefabParentObject: {fileID: 11461368, guid: 23f93f990df7e3646971be1a8dcd5643,
    type: 2}
  m_PrefabInternal: {fileID: 331928895}
  m_GameObject: {fileID: 2035281794}
  m_Enabled: 1
  m_EditorHideFlags: 0
  m_Script: {fileID: 708705254, guid: f5f67c52d1564df4a8936ccd202a3bd8, type: 3}
  m_Name: 
  m_EditorClassIdentifier: 
  m_Material: {fileID: 0}
  m_Color: {r: 0.9411765, g: 0.9411765, b: 0.9411765, a: 1}
  m_RaycastTarget: 1
  m_OnCullStateChanged:
    m_PersistentCalls:
      m_Calls: []
    m_TypeName: UnityEngine.UI.MaskableGraphic+CullStateChangedEvent, UnityEngine.UI,
      Version=1.0.0.0, Culture=neutral, PublicKeyToken=null
  m_FontData:
    m_Font: {fileID: 12800000, guid: 7dfc2e1472ac84e1bb749a8a9f934483, type: 3}
    m_FontSize: 27
    m_FontStyle: 0
    m_BestFit: 0
    m_MinSize: 10
    m_MaxSize: 40
    m_Alignment: 2
    m_AlignByGeometry: 0
    m_RichText: 1
    m_HorizontalOverflow: 0
    m_VerticalOverflow: 0
    m_LineSpacing: 1
  m_Text: 'Time

    14:54'
--- !u!222 &2035281797
CanvasRenderer:
  m_ObjectHideFlags: 0
  m_PrefabParentObject: {fileID: 22261378, guid: 23f93f990df7e3646971be1a8dcd5643,
    type: 2}
  m_PrefabInternal: {fileID: 331928895}
  m_GameObject: {fileID: 2035281794}
--- !u!1 &2037337657
GameObject:
  m_ObjectHideFlags: 0
  m_PrefabParentObject: {fileID: 161394, guid: 23f93f990df7e3646971be1a8dcd5643, type: 2}
  m_PrefabInternal: {fileID: 331928895}
  serializedVersion: 4
  m_Component:
  - 224: {fileID: 2037337658}
  - 222: {fileID: 2037337660}
  - 114: {fileID: 2037337659}
  m_Layer: 5
  m_Name: CircleBlock
  m_TagString: Untagged
  m_Icon: {fileID: 0}
  m_NavMeshLayer: 0
  m_StaticEditorFlags: 0
  m_IsActive: 1
--- !u!224 &2037337658
RectTransform:
  m_ObjectHideFlags: 0
  m_PrefabParentObject: {fileID: 22461394, guid: 23f93f990df7e3646971be1a8dcd5643,
    type: 2}
  m_PrefabInternal: {fileID: 331928895}
  m_GameObject: {fileID: 2037337657}
  m_LocalRotation: {x: 0, y: 0, z: 0, w: 1}
  m_LocalPosition: {x: 0, y: 0, z: 0}
  m_LocalScale: {x: 1, y: 1, z: 1}
  m_Children:
  - {fileID: 2145029568}
  m_Father: {fileID: 473576606}
  m_RootOrder: 3
  m_AnchorMin: {x: 0.5, y: 0.5}
  m_AnchorMax: {x: 0.5, y: 0.5}
  m_AnchoredPosition: {x: 135, y: -165}
  m_SizeDelta: {x: 116, y: 116}
  m_Pivot: {x: 0.5, y: 0.5}
--- !u!114 &2037337659
MonoBehaviour:
  m_ObjectHideFlags: 0
  m_PrefabParentObject: {fileID: 11461390, guid: 23f93f990df7e3646971be1a8dcd5643,
    type: 2}
  m_PrefabInternal: {fileID: 331928895}
  m_GameObject: {fileID: 2037337657}
  m_Enabled: 1
  m_EditorHideFlags: 0
  m_Script: {fileID: -765806418, guid: f5f67c52d1564df4a8936ccd202a3bd8, type: 3}
  m_Name: 
  m_EditorClassIdentifier: 
  m_Material: {fileID: 0}
  m_Color: {r: 0.15686275, g: 0.654902, b: 0.8745098, a: 1}
  m_RaycastTarget: 1
  m_OnCullStateChanged:
    m_PersistentCalls:
      m_Calls: []
    m_TypeName: UnityEngine.UI.MaskableGraphic+CullStateChangedEvent, UnityEngine.UI,
      Version=1.0.0.0, Culture=neutral, PublicKeyToken=null
  m_Sprite: {fileID: 21300000, guid: 291502478103f274da140dc9d17c64dc, type: 3}
  m_Type: 0
  m_PreserveAspect: 0
  m_FillCenter: 1
  m_FillMethod: 4
  m_FillAmount: 1
  m_FillClockwise: 1
  m_FillOrigin: 0
--- !u!222 &2037337660
CanvasRenderer:
  m_ObjectHideFlags: 0
  m_PrefabParentObject: {fileID: 22261396, guid: 23f93f990df7e3646971be1a8dcd5643,
    type: 2}
  m_PrefabInternal: {fileID: 331928895}
  m_GameObject: {fileID: 2037337657}
--- !u!1 &2145029567
GameObject:
  m_ObjectHideFlags: 0
  m_PrefabParentObject: {fileID: 161368, guid: 23f93f990df7e3646971be1a8dcd5643, type: 2}
  m_PrefabInternal: {fileID: 331928895}
  serializedVersion: 4
  m_Component:
  - 224: {fileID: 2145029568}
  - 222: {fileID: 2145029570}
  - 114: {fileID: 2145029569}
  m_Layer: 5
  m_Name: Text
  m_TagString: Untagged
  m_Icon: {fileID: 0}
  m_NavMeshLayer: 0
  m_StaticEditorFlags: 0
  m_IsActive: 1
--- !u!224 &2145029568
RectTransform:
  m_ObjectHideFlags: 0
  m_PrefabParentObject: {fileID: 22461368, guid: 23f93f990df7e3646971be1a8dcd5643,
    type: 2}
  m_PrefabInternal: {fileID: 331928895}
  m_GameObject: {fileID: 2145029567}
  m_LocalRotation: {x: 0, y: 0, z: 0, w: 1}
  m_LocalPosition: {x: 0, y: 0, z: 0}
  m_LocalScale: {x: 1, y: 1, z: 1}
  m_Children: []
  m_Father: {fileID: 2037337658}
  m_RootOrder: 0
  m_AnchorMin: {x: 0.5, y: 0.5}
  m_AnchorMax: {x: 0.5, y: 0.5}
  m_AnchoredPosition: {x: 0, y: 0}
  m_SizeDelta: {x: 101, y: 86}
  m_Pivot: {x: 0.5, y: 0.5}
--- !u!114 &2145029569
MonoBehaviour:
  m_ObjectHideFlags: 0
  m_PrefabParentObject: {fileID: 11461360, guid: 23f93f990df7e3646971be1a8dcd5643,
    type: 2}
  m_PrefabInternal: {fileID: 331928895}
  m_GameObject: {fileID: 2145029567}
  m_Enabled: 1
  m_EditorHideFlags: 0
  m_Script: {fileID: 708705254, guid: f5f67c52d1564df4a8936ccd202a3bd8, type: 3}
  m_Name: 
  m_EditorClassIdentifier: 
  m_Material: {fileID: 0}
  m_Color: {r: 0.9411765, g: 0.9411765, b: 0.9411765, a: 1}
  m_RaycastTarget: 1
  m_OnCullStateChanged:
    m_PersistentCalls:
      m_Calls: []
    m_TypeName: UnityEngine.UI.MaskableGraphic+CullStateChangedEvent, UnityEngine.UI,
      Version=1.0.0.0, Culture=neutral, PublicKeyToken=null
  m_FontData:
    m_Font: {fileID: 12800000, guid: 218956a5c2a6e42d6a60afccf80b002b, type: 3}
    m_FontSize: 36
    m_FontStyle: 0
    m_BestFit: 0
    m_MinSize: 10
    m_MaxSize: 40
    m_Alignment: 4
    m_AlignByGeometry: 0
    m_RichText: 1
    m_HorizontalOverflow: 0
    m_VerticalOverflow: 0
    m_LineSpacing: 1
  m_Text: 5
--- !u!222 &2145029570
CanvasRenderer:
  m_ObjectHideFlags: 0
  m_PrefabParentObject: {fileID: 22261370, guid: 23f93f990df7e3646971be1a8dcd5643,
    type: 2}
  m_PrefabInternal: {fileID: 331928895}
  m_GameObject: {fileID: 2145029567}
