%YAML 1.1
%TAG !u! tag:unity3d.com,2011:
--- !u!29 &1
SceneSettings:
  m_ObjectHideFlags: 0
  m_PVSData: 
  m_PVSObjectsArray: []
  m_PVSPortalsArray: []
  m_OcclusionBakeSettings:
    smallestOccluder: 5
    smallestHole: 0.25
    backfaceThreshold: 100
--- !u!104 &2
RenderSettings:
  m_ObjectHideFlags: 0
  serializedVersion: 6
  m_Fog: 0
  m_FogColor: {r: 0.5, g: 0.5, b: 0.5, a: 1}
  m_FogMode: 3
  m_FogDensity: 0.01
  m_LinearFogStart: 0
  m_LinearFogEnd: 300
  m_AmbientSkyColor: {r: 0.212, g: 0.227, b: 0.259, a: 1}
  m_AmbientEquatorColor: {r: 0.114, g: 0.125, b: 0.133, a: 1}
  m_AmbientGroundColor: {r: 0.047, g: 0.043, b: 0.035, a: 1}
  m_AmbientIntensity: 1
  m_AmbientMode: 0
  m_SkyboxMaterial: {fileID: 10304, guid: 0000000000000000f000000000000000, type: 0}
  m_HaloStrength: 0.5
  m_FlareStrength: 1
  m_FlareFadeSpeed: 3
  m_HaloTexture: {fileID: 0}
  m_SpotCookie: {fileID: 10001, guid: 0000000000000000e000000000000000, type: 0}
  m_DefaultReflectionMode: 0
  m_DefaultReflectionResolution: 128
  m_ReflectionBounces: 1
  m_ReflectionIntensity: 1
  m_CustomReflection: {fileID: 0}
  m_Sun: {fileID: 0}
--- !u!157 &4
LightmapSettings:
  m_ObjectHideFlags: 0
  serializedVersion: 6
  m_GIWorkflowMode: 0
  m_LightmapsMode: 1
  m_GISettings:
    serializedVersion: 2
    m_BounceScale: 1
    m_IndirectOutputScale: 1
    m_AlbedoBoost: 1
    m_TemporalCoherenceThreshold: 1
    m_EnvironmentLightingMode: 0
    m_EnableBakedLightmaps: 1
    m_EnableRealtimeLightmaps: 1
  m_LightmapEditorSettings:
    serializedVersion: 3
    m_Resolution: 2
    m_BakeResolution: 40
    m_TextureWidth: 1024
    m_TextureHeight: 1024
    m_AOMaxDistance: 1
    m_Padding: 2
    m_CompAOExponent: 0
    m_LightmapParameters: {fileID: 0}
    m_TextureCompression: 1
    m_FinalGather: 0
    m_FinalGatherRayCount: 1024
    m_ReflectionCompression: 2
  m_LightingDataAsset: {fileID: 0}
  m_RuntimeCPUUsage: 25
--- !u!196 &5
NavMeshSettings:
  serializedVersion: 2
  m_ObjectHideFlags: 0
  m_BuildSettings:
    serializedVersion: 2
    agentRadius: 0.5
    agentHeight: 2
    agentSlope: 45
    agentClimb: 0.4
    ledgeDropHeight: 0
    maxJumpAcrossDistance: 0
    accuratePlacement: 0
    minRegionArea: 2
    cellSize: 0.16666667
    manualCellSize: 0
  m_NavMeshData: {fileID: 0}
--- !u!1 &100973299
GameObject:
  m_ObjectHideFlags: 0
  m_PrefabParentObject: {fileID: 124656, guid: 3aeb4f8df08b0bb49aacbc22c6bb3bd0, type: 2}
  m_PrefabInternal: {fileID: 1659269740}
  serializedVersion: 4
  m_Component:
  - 224: {fileID: 100973300}
  - 222: {fileID: 100973302}
  - 114: {fileID: 100973301}
  m_Layer: 5
  m_Name: Square
  m_TagString: Untagged
  m_Icon: {fileID: 0}
  m_NavMeshLayer: 0
  m_StaticEditorFlags: 0
  m_IsActive: 1
--- !u!224 &100973300
RectTransform:
  m_ObjectHideFlags: 0
  m_PrefabParentObject: {fileID: 22424656, guid: 3aeb4f8df08b0bb49aacbc22c6bb3bd0,
    type: 2}
  m_PrefabInternal: {fileID: 1659269740}
  m_GameObject: {fileID: 100973299}
  m_LocalRotation: {x: 0, y: 0, z: 0, w: 1}
  m_LocalPosition: {x: 0, y: 0, z: 0}
  m_LocalScale: {x: 1, y: 1, z: 1}
  m_Children: []
  m_Father: {fileID: 1933111601}
  m_RootOrder: 9
  m_AnchorMin: {x: 0.5, y: 0.5}
  m_AnchorMax: {x: 0.5, y: 0.5}
  m_AnchoredPosition: {x: 0, y: 10.923257}
  m_SizeDelta: {x: 21.2, y: 169.4}
  m_Pivot: {x: 0.5, y: 0.5}
--- !u!114 &100973301
MonoBehaviour:
  m_ObjectHideFlags: 0
  m_PrefabParentObject: {fileID: 11424658, guid: 3aeb4f8df08b0bb49aacbc22c6bb3bd0,
    type: 2}
  m_PrefabInternal: {fileID: 1659269740}
  m_GameObject: {fileID: 100973299}
  m_Enabled: 1
  m_EditorHideFlags: 0
  m_Script: {fileID: -765806418, guid: f5f67c52d1564df4a8936ccd202a3bd8, type: 3}
  m_Name: 
  m_EditorClassIdentifier: 
  m_Material: {fileID: 0}
  m_Color: {r: 0.18039216, g: 0.18039216, b: 0.18039216, a: 1}
  m_RaycastTarget: 1
  m_OnCullStateChanged:
    m_PersistentCalls:
      m_Calls: []
    m_TypeName: UnityEngine.UI.MaskableGraphic+CullStateChangedEvent, UnityEngine.UI,
      Version=1.0.0.0, Culture=neutral, PublicKeyToken=null
  m_Sprite: {fileID: 21300000, guid: 7ed1238760b863f4aafde32ab3a6f28c, type: 3}
  m_Type: 1
  m_PreserveAspect: 0
  m_FillCenter: 1
  m_FillMethod: 4
  m_FillAmount: 1
  m_FillClockwise: 1
  m_FillOrigin: 0
--- !u!222 &100973302
CanvasRenderer:
  m_ObjectHideFlags: 0
  m_PrefabParentObject: {fileID: 22224656, guid: 3aeb4f8df08b0bb49aacbc22c6bb3bd0,
    type: 2}
  m_PrefabInternal: {fileID: 1659269740}
  m_GameObject: {fileID: 100973299}
--- !u!1 &108361466
GameObject:
  m_ObjectHideFlags: 0
  m_PrefabParentObject: {fileID: 124642, guid: 3aeb4f8df08b0bb49aacbc22c6bb3bd0, type: 2}
  m_PrefabInternal: {fileID: 1659269740}
  serializedVersion: 4
  m_Component:
  - 224: {fileID: 108361467}
  - 222: {fileID: 108361469}
  - 114: {fileID: 108361468}
  m_Layer: 5
  m_Name: Square
  m_TagString: Untagged
  m_Icon: {fileID: 0}
  m_NavMeshLayer: 0
  m_StaticEditorFlags: 0
  m_IsActive: 1
--- !u!224 &108361467
RectTransform:
  m_ObjectHideFlags: 0
  m_PrefabParentObject: {fileID: 22424642, guid: 3aeb4f8df08b0bb49aacbc22c6bb3bd0,
    type: 2}
  m_PrefabInternal: {fileID: 1659269740}
  m_GameObject: {fileID: 108361466}
  m_LocalRotation: {x: 0, y: 0, z: 0, w: 1}
  m_LocalPosition: {x: 0, y: 0, z: 0}
  m_LocalScale: {x: 1, y: 1, z: 1}
  m_Children: []
  m_Father: {fileID: 1933111601}
  m_RootOrder: 5
  m_AnchorMin: {x: 0.5, y: 0.5}
  m_AnchorMax: {x: 0.5, y: 0.5}
  m_AnchoredPosition: {x: 226.38477, y: 0}
  m_SizeDelta: {x: 93.423, y: 18.9}
  m_Pivot: {x: 0.5, y: 0.5}
--- !u!114 &108361468
MonoBehaviour:
  m_ObjectHideFlags: 0
  m_PrefabParentObject: {fileID: 11424644, guid: 3aeb4f8df08b0bb49aacbc22c6bb3bd0,
    type: 2}
  m_PrefabInternal: {fileID: 1659269740}
  m_GameObject: {fileID: 108361466}
  m_Enabled: 1
  m_EditorHideFlags: 0
  m_Script: {fileID: -765806418, guid: f5f67c52d1564df4a8936ccd202a3bd8, type: 3}
  m_Name: 
  m_EditorClassIdentifier: 
  m_Material: {fileID: 0}
  m_Color: {r: 0.18039216, g: 0.18039216, b: 0.18039216, a: 1}
  m_RaycastTarget: 1
  m_OnCullStateChanged:
    m_PersistentCalls:
      m_Calls: []
    m_TypeName: UnityEngine.UI.MaskableGraphic+CullStateChangedEvent, UnityEngine.UI,
      Version=1.0.0.0, Culture=neutral, PublicKeyToken=null
  m_Sprite: {fileID: 21300000, guid: 7ed1238760b863f4aafde32ab3a6f28c, type: 3}
  m_Type: 1
  m_PreserveAspect: 0
  m_FillCenter: 1
  m_FillMethod: 4
  m_FillAmount: 1
  m_FillClockwise: 1
  m_FillOrigin: 0
--- !u!222 &108361469
CanvasRenderer:
  m_ObjectHideFlags: 0
  m_PrefabParentObject: {fileID: 22224642, guid: 3aeb4f8df08b0bb49aacbc22c6bb3bd0,
    type: 2}
  m_PrefabInternal: {fileID: 1659269740}
  m_GameObject: {fileID: 108361466}
--- !u!1 &171905469
GameObject:
  m_ObjectHideFlags: 0
  m_PrefabParentObject: {fileID: 124652, guid: 3aeb4f8df08b0bb49aacbc22c6bb3bd0, type: 2}
  m_PrefabInternal: {fileID: 1659269740}
  serializedVersion: 4
  m_Component:
  - 224: {fileID: 171905470}
  - 222: {fileID: 171905472}
  - 114: {fileID: 171905471}
  m_Layer: 5
  m_Name: Square
  m_TagString: Untagged
  m_Icon: {fileID: 0}
  m_NavMeshLayer: 0
  m_StaticEditorFlags: 0
  m_IsActive: 1
--- !u!224 &171905470
RectTransform:
  m_ObjectHideFlags: 0
  m_PrefabParentObject: {fileID: 22424652, guid: 3aeb4f8df08b0bb49aacbc22c6bb3bd0,
    type: 2}
  m_PrefabInternal: {fileID: 1659269740}
  m_GameObject: {fileID: 171905469}
  m_LocalRotation: {x: 0, y: 0, z: 0.2619692, w: 0.96507627}
  m_LocalPosition: {x: 0, y: 0, z: 0}
  m_LocalScale: {x: 1, y: 1, z: 1}
  m_Children: []
  m_Father: {fileID: 1601276690}
  m_RootOrder: 1
  m_AnchorMin: {x: 0.5, y: 0.5}
  m_AnchorMax: {x: 0.5, y: 0.5}
  m_AnchoredPosition: {x: 10.922958, y: -6.592135}
  m_SizeDelta: {x: 10.7, y: 1.7}
  m_Pivot: {x: 0.5, y: 0.5}
--- !u!114 &171905471
MonoBehaviour:
  m_ObjectHideFlags: 0
  m_PrefabParentObject: {fileID: 11424654, guid: 3aeb4f8df08b0bb49aacbc22c6bb3bd0,
    type: 2}
  m_PrefabInternal: {fileID: 1659269740}
  m_GameObject: {fileID: 171905469}
  m_Enabled: 1
  m_EditorHideFlags: 0
  m_Script: {fileID: -765806418, guid: f5f67c52d1564df4a8936ccd202a3bd8, type: 3}
  m_Name: 
  m_EditorClassIdentifier: 
  m_Material: {fileID: 0}
  m_Color: {r: 0.94509804, g: 0.9254902, b: 0.8745098, a: 1}
  m_RaycastTarget: 1
  m_OnCullStateChanged:
    m_PersistentCalls:
      m_Calls: []
    m_TypeName: UnityEngine.UI.MaskableGraphic+CullStateChangedEvent, UnityEngine.UI,
      Version=1.0.0.0, Culture=neutral, PublicKeyToken=null
  m_Sprite: {fileID: 21300000, guid: 7ed1238760b863f4aafde32ab3a6f28c, type: 3}
  m_Type: 1
  m_PreserveAspect: 0
  m_FillCenter: 1
  m_FillMethod: 4
  m_FillAmount: 1
  m_FillClockwise: 1
  m_FillOrigin: 0
--- !u!222 &171905472
CanvasRenderer:
  m_ObjectHideFlags: 0
  m_PrefabParentObject: {fileID: 22224652, guid: 3aeb4f8df08b0bb49aacbc22c6bb3bd0,
    type: 2}
  m_PrefabInternal: {fileID: 1659269740}
  m_GameObject: {fileID: 171905469}
--- !u!1 &301164273
GameObject:
  m_ObjectHideFlags: 0
  m_PrefabParentObject: {fileID: 124658, guid: 3aeb4f8df08b0bb49aacbc22c6bb3bd0, type: 2}
  m_PrefabInternal: {fileID: 1659269740}
  serializedVersion: 4
  m_Component:
  - 224: {fileID: 301164274}
  - 222: {fileID: 301164276}
  - 114: {fileID: 301164275}
  m_Layer: 5
  m_Name: Square
  m_TagString: Untagged
  m_Icon: {fileID: 0}
  m_NavMeshLayer: 0
  m_StaticEditorFlags: 0
  m_IsActive: 1
--- !u!224 &301164274
RectTransform:
  m_ObjectHideFlags: 0
  m_PrefabParentObject: {fileID: 22424658, guid: 3aeb4f8df08b0bb49aacbc22c6bb3bd0,
    type: 2}
  m_PrefabInternal: {fileID: 1659269740}
  m_GameObject: {fileID: 301164273}
  m_LocalRotation: {x: 0, y: 0, z: 0.38268292, w: 0.92387974}
  m_LocalPosition: {x: 0, y: 0, z: 0}
  m_LocalScale: {x: 1, y: 1, z: 1}
  m_Children: []
  m_Father: {fileID: 1933111601}
  m_RootOrder: 11
  m_AnchorMin: {x: 0.5, y: 0.5}
  m_AnchorMax: {x: 0.5, y: 0.5}
  m_AnchoredPosition: {x: -156.92311, y: -151.53839}
  m_SizeDelta: {x: 94, y: 23}
  m_Pivot: {x: 0.5, y: 0.5}
--- !u!114 &301164275
MonoBehaviour:
  m_ObjectHideFlags: 0
  m_PrefabParentObject: {fileID: 11424660, guid: 3aeb4f8df08b0bb49aacbc22c6bb3bd0,
    type: 2}
  m_PrefabInternal: {fileID: 1659269740}
  m_GameObject: {fileID: 301164273}
  m_Enabled: 1
  m_EditorHideFlags: 0
  m_Script: {fileID: -765806418, guid: f5f67c52d1564df4a8936ccd202a3bd8, type: 3}
  m_Name: 
  m_EditorClassIdentifier: 
  m_Material: {fileID: 0}
  m_Color: {r: 0.18039216, g: 0.18039216, b: 0.18039216, a: 1}
  m_RaycastTarget: 1
  m_OnCullStateChanged:
    m_PersistentCalls:
      m_Calls: []
    m_TypeName: UnityEngine.UI.MaskableGraphic+CullStateChangedEvent, UnityEngine.UI,
      Version=1.0.0.0, Culture=neutral, PublicKeyToken=null
  m_Sprite: {fileID: 21300000, guid: 7ed1238760b863f4aafde32ab3a6f28c, type: 3}
  m_Type: 1
  m_PreserveAspect: 0
  m_FillCenter: 1
  m_FillMethod: 4
  m_FillAmount: 1
  m_FillClockwise: 1
  m_FillOrigin: 0
--- !u!222 &301164276
CanvasRenderer:
  m_ObjectHideFlags: 0
  m_PrefabParentObject: {fileID: 22224658, guid: 3aeb4f8df08b0bb49aacbc22c6bb3bd0,
    type: 2}
  m_PrefabInternal: {fileID: 1659269740}
  m_GameObject: {fileID: 301164273}
--- !u!1 &350039412
GameObject:
  m_ObjectHideFlags: 0
  m_PrefabParentObject: {fileID: 124668, guid: 3aeb4f8df08b0bb49aacbc22c6bb3bd0, type: 2}
  m_PrefabInternal: {fileID: 1659269740}
  serializedVersion: 4
  m_Component:
  - 224: {fileID: 350039413}
  - 222: {fileID: 350039416}
  - 114: {fileID: 350039415}
  - 114: {fileID: 350039414}
  m_Layer: 5
  m_Name: Panel
  m_TagString: Untagged
  m_Icon: {fileID: 0}
  m_NavMeshLayer: 0
  m_StaticEditorFlags: 0
  m_IsActive: 1
--- !u!224 &350039413
RectTransform:
  m_ObjectHideFlags: 0
  m_PrefabParentObject: {fileID: 22424668, guid: 3aeb4f8df08b0bb49aacbc22c6bb3bd0,
    type: 2}
  m_PrefabInternal: {fileID: 1659269740}
  m_GameObject: {fileID: 350039412}
  m_LocalRotation: {x: 0, y: 0, z: 0, w: 1}
  m_LocalPosition: {x: 0, y: 0, z: 0}
  m_LocalScale: {x: 1, y: 1, z: 1}
  m_Children:
  - {fileID: 634849770}
  - {fileID: 689046499}
  - {fileID: 1438978086}
  m_Father: {fileID: 708893135}
  m_RootOrder: 1
  m_AnchorMin: {x: 0.5, y: 0.5}
  m_AnchorMax: {x: 0.5, y: 0.5}
  m_AnchoredPosition: {x: 0, y: -0.020019531}
  m_SizeDelta: {x: 640, y: 1136}
  m_Pivot: {x: 0.5, y: 0.5}
--- !u!114 &350039414
MonoBehaviour:
  m_ObjectHideFlags: 0
  m_PrefabParentObject: {fileID: 11424670, guid: 3aeb4f8df08b0bb49aacbc22c6bb3bd0,
    type: 2}
  m_PrefabInternal: {fileID: 1659269740}
  m_GameObject: {fileID: 350039412}
  m_Enabled: 1
  m_EditorHideFlags: 0
  m_Script: {fileID: -1200242548, guid: f5f67c52d1564df4a8936ccd202a3bd8, type: 3}
  m_Name: 
  m_EditorClassIdentifier: 
  m_ShowMaskGraphic: 1
--- !u!114 &350039415
MonoBehaviour:
  m_ObjectHideFlags: 0
  m_PrefabParentObject: {fileID: 11424672, guid: 3aeb4f8df08b0bb49aacbc22c6bb3bd0,
    type: 2}
  m_PrefabInternal: {fileID: 1659269740}
  m_GameObject: {fileID: 350039412}
  m_Enabled: 1
  m_EditorHideFlags: 0
  m_Script: {fileID: -765806418, guid: f5f67c52d1564df4a8936ccd202a3bd8, type: 3}
  m_Name: 
  m_EditorClassIdentifier: 
  m_Material: {fileID: 0}
  m_Color: {r: 0.18039216, g: 0.18039216, b: 0.18039216, a: 1}
  m_RaycastTarget: 1
  m_OnCullStateChanged:
    m_PersistentCalls:
      m_Calls: []
    m_TypeName: UnityEngine.UI.MaskableGraphic+CullStateChangedEvent, UnityEngine.UI,
      Version=1.0.0.0, Culture=neutral, PublicKeyToken=null
  m_Sprite: {fileID: 21300000, guid: 7ed1238760b863f4aafde32ab3a6f28c, type: 3}
  m_Type: 1
  m_PreserveAspect: 0
  m_FillCenter: 1
  m_FillMethod: 4
  m_FillAmount: 1
  m_FillClockwise: 1
  m_FillOrigin: 0
--- !u!222 &350039416
CanvasRenderer:
  m_ObjectHideFlags: 0
  m_PrefabParentObject: {fileID: 22224668, guid: 3aeb4f8df08b0bb49aacbc22c6bb3bd0,
    type: 2}
  m_PrefabInternal: {fileID: 1659269740}
  m_GameObject: {fileID: 350039412}
--- !u!1 &434955588
GameObject:
  m_ObjectHideFlags: 0
  m_PrefabParentObject: {fileID: 124660, guid: 3aeb4f8df08b0bb49aacbc22c6bb3bd0, type: 2}
  m_PrefabInternal: {fileID: 1659269740}
  serializedVersion: 4
  m_Component:
  - 224: {fileID: 434955589}
  - 222: {fileID: 434955591}
  - 114: {fileID: 434955590}
  m_Layer: 5
  m_Name: AppTitle
  m_TagString: Untagged
  m_Icon: {fileID: 0}
  m_NavMeshLayer: 0
  m_StaticEditorFlags: 0
  m_IsActive: 1
--- !u!224 &434955589
RectTransform:
  m_ObjectHideFlags: 0
  m_PrefabParentObject: {fileID: 22424660, guid: 3aeb4f8df08b0bb49aacbc22c6bb3bd0,
    type: 2}
  m_PrefabInternal: {fileID: 1659269740}
  m_GameObject: {fileID: 434955588}
  m_LocalRotation: {x: 0, y: 0, z: 0, w: 1}
  m_LocalPosition: {x: 0, y: 0, z: 0}
  m_LocalScale: {x: 1, y: 1, z: 1}
  m_Children:
  - {fileID: 551088047}
  m_Father: {fileID: 708893135}
  m_RootOrder: 0
  m_AnchorMin: {x: 0.5, y: 0.5}
  m_AnchorMax: {x: 0.5, y: 0.5}
  m_AnchoredPosition: {x: 27.495, y: 633}
  m_SizeDelta: {x: 695, y: 109}
  m_Pivot: {x: 0.5, y: 0.5}
--- !u!114 &434955590
MonoBehaviour:
  m_ObjectHideFlags: 0
  m_PrefabParentObject: {fileID: 11424662, guid: 3aeb4f8df08b0bb49aacbc22c6bb3bd0,
    type: 2}
  m_PrefabInternal: {fileID: 1659269740}
  m_GameObject: {fileID: 434955588}
  m_Enabled: 1
  m_EditorHideFlags: 0
  m_Script: {fileID: 708705254, guid: f5f67c52d1564df4a8936ccd202a3bd8, type: 3}
  m_Name: 
  m_EditorClassIdentifier: 
  m_Material: {fileID: 0}
  m_Color: {r: 0.85490197, g: 0.85490197, b: 0.85490197, a: 1}
  m_RaycastTarget: 1
  m_OnCullStateChanged:
    m_PersistentCalls:
      m_Calls: []
    m_TypeName: UnityEngine.UI.MaskableGraphic+CullStateChangedEvent, UnityEngine.UI,
      Version=1.0.0.0, Culture=neutral, PublicKeyToken=null
  m_FontData:
    m_Font: {fileID: 12800000, guid: 218956a5c2a6e42d6a60afccf80b002b, type: 3}
    m_FontSize: 102
    m_FontStyle: 0
    m_BestFit: 0
    m_MinSize: 10
    m_MaxSize: 102
    m_Alignment: 0
    m_AlignByGeometry: 0
    m_RichText: 1
    m_HorizontalOverflow: 0
    m_VerticalOverflow: 1
    m_LineSpacing: 1
  m_Text: GAME
--- !u!222 &434955591
CanvasRenderer:
  m_ObjectHideFlags: 0
  m_PrefabParentObject: {fileID: 22224660, guid: 3aeb4f8df08b0bb49aacbc22c6bb3bd0,
    type: 2}
  m_PrefabInternal: {fileID: 1659269740}
  m_GameObject: {fileID: 434955588}
--- !u!1 &551088046
GameObject:
  m_ObjectHideFlags: 0
  m_PrefabParentObject: {fileID: 124678, guid: 3aeb4f8df08b0bb49aacbc22c6bb3bd0, type: 2}
  m_PrefabInternal: {fileID: 1659269740}
  serializedVersion: 4
  m_Component:
  - 224: {fileID: 551088047}
  - 222: {fileID: 551088049}
  - 114: {fileID: 551088048}
  m_Layer: 5
  m_Name: AppTitle
  m_TagString: Untagged
  m_Icon: {fileID: 0}
  m_NavMeshLayer: 0
  m_StaticEditorFlags: 0
  m_IsActive: 1
--- !u!224 &551088047
RectTransform:
  m_ObjectHideFlags: 0
  m_PrefabParentObject: {fileID: 22424678, guid: 3aeb4f8df08b0bb49aacbc22c6bb3bd0,
    type: 2}
  m_PrefabInternal: {fileID: 1659269740}
  m_GameObject: {fileID: 551088046}
  m_LocalRotation: {x: 0, y: 0, z: 0, w: 1}
  m_LocalPosition: {x: 0, y: 0, z: 0}
  m_LocalScale: {x: 1, y: 1, z: 1}
  m_Children: []
  m_Father: {fileID: 434955589}
  m_RootOrder: 0
  m_AnchorMin: {x: 0.5, y: 0.5}
  m_AnchorMax: {x: 0.5, y: 0.5}
  m_AnchoredPosition: {x: 295, y: -68}
  m_SizeDelta: {x: 695, y: 109}
  m_Pivot: {x: 0.5, y: 0.5}
--- !u!114 &551088048
MonoBehaviour:
  m_ObjectHideFlags: 0
  m_PrefabParentObject: {fileID: 11424682, guid: 3aeb4f8df08b0bb49aacbc22c6bb3bd0,
    type: 2}
  m_PrefabInternal: {fileID: 1659269740}
  m_GameObject: {fileID: 551088046}
  m_Enabled: 1
  m_EditorHideFlags: 0
  m_Script: {fileID: 708705254, guid: f5f67c52d1564df4a8936ccd202a3bd8, type: 3}
  m_Name: 
  m_EditorClassIdentifier: 
  m_Material: {fileID: 0}
  m_Color: {r: 0.85490197, g: 0.85490197, b: 0.85490197, a: 1}
  m_RaycastTarget: 1
  m_OnCullStateChanged:
    m_PersistentCalls:
      m_Calls: []
    m_TypeName: UnityEngine.UI.MaskableGraphic+CullStateChangedEvent, UnityEngine.UI,
      Version=1.0.0.0, Culture=neutral, PublicKeyToken=null
  m_FontData:
    m_Font: {fileID: 12800000, guid: 218956a5c2a6e42d6a60afccf80b002b, type: 3}
    m_FontSize: 40
    m_FontStyle: 0
    m_BestFit: 0
    m_MinSize: 10
    m_MaxSize: 40
    m_Alignment: 0
    m_AlignByGeometry: 0
    m_RichText: 1
    m_HorizontalOverflow: 0
    m_VerticalOverflow: 1
    m_LineSpacing: 1
  m_Text: EXAMPLE
--- !u!222 &551088049
CanvasRenderer:
  m_ObjectHideFlags: 0
  m_PrefabParentObject: {fileID: 22224678, guid: 3aeb4f8df08b0bb49aacbc22c6bb3bd0,
    type: 2}
  m_PrefabInternal: {fileID: 1659269740}
  m_GameObject: {fileID: 551088046}
--- !u!1 &583590741
GameObject:
  m_ObjectHideFlags: 0
  m_PrefabParentObject: {fileID: 124650, guid: 3aeb4f8df08b0bb49aacbc22c6bb3bd0, type: 2}
  m_PrefabInternal: {fileID: 1659269740}
  serializedVersion: 4
  m_Component:
  - 224: {fileID: 583590742}
  - 222: {fileID: 583590744}
  - 114: {fileID: 583590743}
  m_Layer: 5
  m_Name: Square
  m_TagString: Untagged
  m_Icon: {fileID: 0}
  m_NavMeshLayer: 0
  m_StaticEditorFlags: 0
  m_IsActive: 1
--- !u!224 &583590742
RectTransform:
  m_ObjectHideFlags: 0
  m_PrefabParentObject: {fileID: 22424650, guid: 3aeb4f8df08b0bb49aacbc22c6bb3bd0,
    type: 2}
  m_PrefabInternal: {fileID: 1659269740}
  m_GameObject: {fileID: 583590741}
  m_LocalRotation: {x: 0, y: 0, z: 0, w: 1}
  m_LocalPosition: {x: 0, y: 0, z: 0}
  m_LocalScale: {x: 1, y: 1, z: 1}
  m_Children: []
  m_Father: {fileID: 1601276690}
  m_RootOrder: 0
  m_AnchorMin: {x: 0.5, y: 0.5}
  m_AnchorMax: {x: 0.5, y: 0.5}
  m_AnchoredPosition: {x: 7.3847504, y: 7.9229717}
  m_SizeDelta: {x: 7.7, y: 3.7}
  m_Pivot: {x: 0.5, y: 0.5}
--- !u!114 &583590743
MonoBehaviour:
  m_ObjectHideFlags: 0
  m_PrefabParentObject: {fileID: 11424652, guid: 3aeb4f8df08b0bb49aacbc22c6bb3bd0,
    type: 2}
  m_PrefabInternal: {fileID: 1659269740}
  m_GameObject: {fileID: 583590741}
  m_Enabled: 1
  m_EditorHideFlags: 0
  m_Script: {fileID: -765806418, guid: f5f67c52d1564df4a8936ccd202a3bd8, type: 3}
  m_Name: 
  m_EditorClassIdentifier: 
  m_Material: {fileID: 0}
  m_Color: {r: 0.94509804, g: 0.9254902, b: 0.8745098, a: 1}
  m_RaycastTarget: 1
  m_OnCullStateChanged:
    m_PersistentCalls:
      m_Calls: []
    m_TypeName: UnityEngine.UI.MaskableGraphic+CullStateChangedEvent, UnityEngine.UI,
      Version=1.0.0.0, Culture=neutral, PublicKeyToken=null
  m_Sprite: {fileID: 21300000, guid: 7ed1238760b863f4aafde32ab3a6f28c, type: 3}
  m_Type: 1
  m_PreserveAspect: 0
  m_FillCenter: 1
  m_FillMethod: 4
  m_FillAmount: 1
  m_FillClockwise: 1
  m_FillOrigin: 0
--- !u!222 &583590744
CanvasRenderer:
  m_ObjectHideFlags: 0
  m_PrefabParentObject: {fileID: 22224650, guid: 3aeb4f8df08b0bb49aacbc22c6bb3bd0,
    type: 2}
  m_PrefabInternal: {fileID: 1659269740}
  m_GameObject: {fileID: 583590741}
--- !u!1 &621118347
GameObject:
  m_ObjectHideFlags: 0
  m_PrefabParentObject: {fileID: 124688, guid: 3aeb4f8df08b0bb49aacbc22c6bb3bd0, type: 2}
  m_PrefabInternal: {fileID: 1659269740}
  serializedVersion: 4
  m_Component:
  - 224: {fileID: 621118348}
  - 222: {fileID: 621118350}
  - 114: {fileID: 621118349}
  m_Layer: 5
  m_Name: Square
  m_TagString: Untagged
  m_Icon: {fileID: 0}
  m_NavMeshLayer: 0
  m_StaticEditorFlags: 0
  m_IsActive: 1
--- !u!224 &621118348
RectTransform:
  m_ObjectHideFlags: 0
  m_PrefabParentObject: {fileID: 22424688, guid: 3aeb4f8df08b0bb49aacbc22c6bb3bd0,
    type: 2}
  m_PrefabInternal: {fileID: 1659269740}
  m_GameObject: {fileID: 621118347}
  m_LocalRotation: {x: 0, y: 0, z: -0.3826835, w: 0.92387956}
  m_LocalPosition: {x: 0, y: 0, z: 0}
  m_LocalScale: {x: 1, y: 1, z: 1}
  m_Children: []
  m_Father: {fileID: 1933111601}
  m_RootOrder: 6
  m_AnchorMin: {x: 0.5, y: 0.5}
  m_AnchorMax: {x: 0.5, y: 0.5}
  m_AnchoredPosition: {x: -35.076973, y: 28.769066}
  m_SizeDelta: {x: 95.1, y: 18.9}
  m_Pivot: {x: 0.5, y: 0.5}
--- !u!114 &621118349
MonoBehaviour:
  m_ObjectHideFlags: 0
  m_PrefabParentObject: {fileID: 11424694, guid: 3aeb4f8df08b0bb49aacbc22c6bb3bd0,
    type: 2}
  m_PrefabInternal: {fileID: 1659269740}
  m_GameObject: {fileID: 621118347}
  m_Enabled: 1
  m_EditorHideFlags: 0
  m_Script: {fileID: -765806418, guid: f5f67c52d1564df4a8936ccd202a3bd8, type: 3}
  m_Name: 
  m_EditorClassIdentifier: 
  m_Material: {fileID: 0}
  m_Color: {r: 0.18039216, g: 0.18039216, b: 0.18039216, a: 1}
  m_RaycastTarget: 1
  m_OnCullStateChanged:
    m_PersistentCalls:
      m_Calls: []
    m_TypeName: UnityEngine.UI.MaskableGraphic+CullStateChangedEvent, UnityEngine.UI,
      Version=1.0.0.0, Culture=neutral, PublicKeyToken=null
  m_Sprite: {fileID: 21300000, guid: 7ed1238760b863f4aafde32ab3a6f28c, type: 3}
  m_Type: 1
  m_PreserveAspect: 0
  m_FillCenter: 1
  m_FillMethod: 4
  m_FillAmount: 1
  m_FillClockwise: 1
  m_FillOrigin: 0
--- !u!222 &621118350
CanvasRenderer:
  m_ObjectHideFlags: 0
  m_PrefabParentObject: {fileID: 22224686, guid: 3aeb4f8df08b0bb49aacbc22c6bb3bd0,
    type: 2}
  m_PrefabInternal: {fileID: 1659269740}
  m_GameObject: {fileID: 621118347}
--- !u!1 &634849769
GameObject:
  m_ObjectHideFlags: 0
  m_PrefabParentObject: {fileID: 124662, guid: 3aeb4f8df08b0bb49aacbc22c6bb3bd0, type: 2}
  m_PrefabInternal: {fileID: 1659269740}
  serializedVersion: 4
  m_Component:
  - 224: {fileID: 634849770}
  - 222: {fileID: 634849772}
  - 114: {fileID: 634849771}
  m_Layer: 5
  m_Name: Text
  m_TagString: Untagged
  m_Icon: {fileID: 0}
  m_NavMeshLayer: 0
  m_StaticEditorFlags: 0
  m_IsActive: 1
--- !u!224 &634849770
RectTransform:
  m_ObjectHideFlags: 0
  m_PrefabParentObject: {fileID: 22424662, guid: 3aeb4f8df08b0bb49aacbc22c6bb3bd0,
    type: 2}
  m_PrefabInternal: {fileID: 1659269740}
  m_GameObject: {fileID: 634849769}
  m_LocalRotation: {x: 0, y: 0, z: 0, w: 1}
  m_LocalPosition: {x: 0, y: 0, z: 0}
  m_LocalScale: {x: 0.8, y: 0.8, z: 1}
  m_Children: []
  m_Father: {fileID: 350039413}
  m_RootOrder: 0
  m_AnchorMin: {x: 0.5, y: 0.5}
  m_AnchorMax: {x: 0.5, y: 0.5}
  m_AnchoredPosition: {x: -0.000002861, y: 431}
  m_SizeDelta: {x: 640, y: 211}
  m_Pivot: {x: 0.5, y: 0.5}
--- !u!114 &634849771
MonoBehaviour:
  m_ObjectHideFlags: 0
  m_PrefabParentObject: {fileID: 11424664, guid: 3aeb4f8df08b0bb49aacbc22c6bb3bd0,
    type: 2}
  m_PrefabInternal: {fileID: 1659269740}
  m_GameObject: {fileID: 634849769}
  m_Enabled: 1
  m_EditorHideFlags: 0
  m_Script: {fileID: 708705254, guid: f5f67c52d1564df4a8936ccd202a3bd8, type: 3}
  m_Name: 
  m_EditorClassIdentifier: 
  m_Material: {fileID: 0}
  m_Color: {r: 0.99215686, g: 0.30588236, b: 0.30588236, a: 1}
  m_RaycastTarget: 1
  m_OnCullStateChanged:
    m_PersistentCalls:
      m_Calls: []
    m_TypeName: UnityEngine.UI.MaskableGraphic+CullStateChangedEvent, UnityEngine.UI,
      Version=1.0.0.0, Culture=neutral, PublicKeyToken=null
  m_FontData:
    m_Font: {fileID: 12800000, guid: 7dfc2e1472ac84e1bb749a8a9f934483, type: 3}
    m_FontSize: 80
    m_FontStyle: 0
    m_BestFit: 0
    m_MinSize: 10
    m_MaxSize: 80
    m_Alignment: 4
    m_AlignByGeometry: 0
    m_RichText: 1
    m_HorizontalOverflow: 0
    m_VerticalOverflow: 0
    m_LineSpacing: 1
  m_Text: CIRCLE KILLER
--- !u!222 &634849772
CanvasRenderer:
  m_ObjectHideFlags: 0
  m_PrefabParentObject: {fileID: 22224662, guid: 3aeb4f8df08b0bb49aacbc22c6bb3bd0,
    type: 2}
  m_PrefabInternal: {fileID: 1659269740}
  m_GameObject: {fileID: 634849769}
--- !u!1 &647825956
GameObject:
  m_ObjectHideFlags: 0
  m_PrefabParentObject: {fileID: 124670, guid: 3aeb4f8df08b0bb49aacbc22c6bb3bd0, type: 2}
  m_PrefabInternal: {fileID: 1659269740}
  serializedVersion: 4
  m_Component:
  - 224: {fileID: 647825957}
  - 222: {fileID: 647825959}
  - 114: {fileID: 647825958}
  m_Layer: 5
  m_Name: Circle
  m_TagString: Untagged
  m_Icon: {fileID: 0}
  m_NavMeshLayer: 0
  m_StaticEditorFlags: 0
  m_IsActive: 1
--- !u!224 &647825957
RectTransform:
  m_ObjectHideFlags: 0
  m_PrefabParentObject: {fileID: 22424670, guid: 3aeb4f8df08b0bb49aacbc22c6bb3bd0,
    type: 2}
  m_PrefabInternal: {fileID: 1659269740}
  m_GameObject: {fileID: 647825956}
  m_LocalRotation: {x: 0, y: 0, z: 0, w: 1}
  m_LocalPosition: {x: 0, y: 0, z: 0}
  m_LocalScale: {x: 1, y: 1, z: 1}
  m_Children: []
  m_Father: {fileID: 689046499}
  m_RootOrder: 2
  m_AnchorMin: {x: 0.5, y: 0.5}
  m_AnchorMax: {x: 0.5, y: 0.5}
  m_AnchoredPosition: {x: 0, y: 0}
  m_SizeDelta: {x: 471, y: 471}
  m_Pivot: {x: 0.5, y: 0.5}
--- !u!114 &647825958
MonoBehaviour:
  m_ObjectHideFlags: 0
  m_PrefabParentObject: {fileID: 11424674, guid: 3aeb4f8df08b0bb49aacbc22c6bb3bd0,
    type: 2}
  m_PrefabInternal: {fileID: 1659269740}
  m_GameObject: {fileID: 647825956}
  m_Enabled: 1
  m_EditorHideFlags: 0
  m_Script: {fileID: -765806418, guid: f5f67c52d1564df4a8936ccd202a3bd8, type: 3}
  m_Name: 
  m_EditorClassIdentifier: 
  m_Material: {fileID: 0}
  m_Color: {r: 0.99607843, g: 0.30588236, b: 0.30588236, a: 1}
  m_RaycastTarget: 1
  m_OnCullStateChanged:
    m_PersistentCalls:
      m_Calls: []
    m_TypeName: UnityEngine.UI.MaskableGraphic+CullStateChangedEvent, UnityEngine.UI,
      Version=1.0.0.0, Culture=neutral, PublicKeyToken=null
  m_Sprite: {fileID: 21300000, guid: 670e88da7636bb74c9486ebfd1b9b50a, type: 3}
  m_Type: 0
  m_PreserveAspect: 0
  m_FillCenter: 1
  m_FillMethod: 4
  m_FillAmount: 1
  m_FillClockwise: 1
  m_FillOrigin: 0
--- !u!222 &647825959
CanvasRenderer:
  m_ObjectHideFlags: 0
  m_PrefabParentObject: {fileID: 22224670, guid: 3aeb4f8df08b0bb49aacbc22c6bb3bd0,
    type: 2}
  m_PrefabInternal: {fileID: 1659269740}
  m_GameObject: {fileID: 647825956}
--- !u!1 &652409660
GameObject:
  m_ObjectHideFlags: 0
  m_PrefabParentObject: {fileID: 124680, guid: 3aeb4f8df08b0bb49aacbc22c6bb3bd0, type: 2}
  m_PrefabInternal: {fileID: 1659269740}
  serializedVersion: 4
  m_Component:
  - 224: {fileID: 652409661}
  - 222: {fileID: 652409663}
  - 114: {fileID: 652409662}
  m_Layer: 5
  m_Name: Square
  m_TagString: Untagged
  m_Icon: {fileID: 0}
  m_NavMeshLayer: 0
  m_StaticEditorFlags: 0
  m_IsActive: 1
--- !u!224 &652409661
RectTransform:
  m_ObjectHideFlags: 0
  m_PrefabParentObject: {fileID: 22424680, guid: 3aeb4f8df08b0bb49aacbc22c6bb3bd0,
    type: 2}
  m_PrefabInternal: {fileID: 1659269740}
  m_GameObject: {fileID: 652409660}
  m_LocalRotation: {x: 0, y: 0, z: 0, w: 1}
  m_LocalPosition: {x: 0, y: 0, z: 0}
  m_LocalScale: {x: 1, y: 1, z: 1}
  m_Children: []
  m_Father: {fileID: 1933111601}
  m_RootOrder: 0
  m_AnchorMin: {x: 0.5, y: 0.5}
  m_AnchorMax: {x: 0.5, y: 0.5}
  m_AnchoredPosition: {x: 65.21145, y: 0}
  m_SizeDelta: {x: 93.423, y: 18.9}
  m_Pivot: {x: 0.5, y: 0.5}
--- !u!114 &652409662
MonoBehaviour:
  m_ObjectHideFlags: 0
  m_PrefabParentObject: {fileID: 11424684, guid: 3aeb4f8df08b0bb49aacbc22c6bb3bd0,
    type: 2}
  m_PrefabInternal: {fileID: 1659269740}
  m_GameObject: {fileID: 652409660}
  m_Enabled: 1
  m_EditorHideFlags: 0
  m_Script: {fileID: -765806418, guid: f5f67c52d1564df4a8936ccd202a3bd8, type: 3}
  m_Name: 
  m_EditorClassIdentifier: 
  m_Material: {fileID: 0}
  m_Color: {r: 0.18039216, g: 0.18039216, b: 0.18039216, a: 1}
  m_RaycastTarget: 1
  m_OnCullStateChanged:
    m_PersistentCalls:
      m_Calls: []
    m_TypeName: UnityEngine.UI.MaskableGraphic+CullStateChangedEvent, UnityEngine.UI,
      Version=1.0.0.0, Culture=neutral, PublicKeyToken=null
  m_Sprite: {fileID: 21300000, guid: 7ed1238760b863f4aafde32ab3a6f28c, type: 3}
  m_Type: 1
  m_PreserveAspect: 0
  m_FillCenter: 1
  m_FillMethod: 4
  m_FillAmount: 1
  m_FillClockwise: 1
  m_FillOrigin: 0
--- !u!222 &652409663
CanvasRenderer:
  m_ObjectHideFlags: 0
  m_PrefabParentObject: {fileID: 22224680, guid: 3aeb4f8df08b0bb49aacbc22c6bb3bd0,
    type: 2}
  m_PrefabInternal: {fileID: 1659269740}
  m_GameObject: {fileID: 652409660}
--- !u!1 &657133981
GameObject:
  m_ObjectHideFlags: 0
  m_PrefabParentObject: {fileID: 124640, guid: 3aeb4f8df08b0bb49aacbc22c6bb3bd0, type: 2}
  m_PrefabInternal: {fileID: 1659269740}
  serializedVersion: 4
  m_Component:
  - 224: {fileID: 657133982}
  - 222: {fileID: 657133984}
  - 114: {fileID: 657133983}
  m_Layer: 5
  m_Name: Square
  m_TagString: Untagged
  m_Icon: {fileID: 0}
  m_NavMeshLayer: 0
  m_StaticEditorFlags: 0
  m_IsActive: 1
--- !u!224 &657133982
RectTransform:
  m_ObjectHideFlags: 0
  m_PrefabParentObject: {fileID: 22424640, guid: 3aeb4f8df08b0bb49aacbc22c6bb3bd0,
    type: 2}
  m_PrefabInternal: {fileID: 1659269740}
  m_GameObject: {fileID: 657133981}
  m_LocalRotation: {x: 0, y: 0, z: 0.38268292, w: 0.92387974}
  m_LocalPosition: {x: 0, y: 0, z: 0}
  m_LocalScale: {x: 1, y: 1, z: 1}
  m_Children: []
  m_Father: {fileID: 1933111601}
  m_RootOrder: 4
  m_AnchorMin: {x: 0.5, y: 0.5}
  m_AnchorMax: {x: 0.5, y: 0.5}
  m_AnchoredPosition: {x: 48.461613, y: 54.769333}
  m_SizeDelta: {x: 122.8, y: 18.9}
  m_Pivot: {x: 0.5, y: 0.5}
--- !u!114 &657133983
MonoBehaviour:
  m_ObjectHideFlags: 0
  m_PrefabParentObject: {fileID: 11424642, guid: 3aeb4f8df08b0bb49aacbc22c6bb3bd0,
    type: 2}
  m_PrefabInternal: {fileID: 1659269740}
  m_GameObject: {fileID: 657133981}
  m_Enabled: 1
  m_EditorHideFlags: 0
  m_Script: {fileID: -765806418, guid: f5f67c52d1564df4a8936ccd202a3bd8, type: 3}
  m_Name: 
  m_EditorClassIdentifier: 
  m_Material: {fileID: 0}
  m_Color: {r: 0.18039216, g: 0.18039216, b: 0.18039216, a: 1}
  m_RaycastTarget: 1
  m_OnCullStateChanged:
    m_PersistentCalls:
      m_Calls: []
    m_TypeName: UnityEngine.UI.MaskableGraphic+CullStateChangedEvent, UnityEngine.UI,
      Version=1.0.0.0, Culture=neutral, PublicKeyToken=null
  m_Sprite: {fileID: 21300000, guid: 7ed1238760b863f4aafde32ab3a6f28c, type: 3}
  m_Type: 1
  m_PreserveAspect: 0
  m_FillCenter: 1
  m_FillMethod: 4
  m_FillAmount: 1
  m_FillClockwise: 1
  m_FillOrigin: 0
--- !u!222 &657133984
CanvasRenderer:
  m_ObjectHideFlags: 0
  m_PrefabParentObject: {fileID: 22224640, guid: 3aeb4f8df08b0bb49aacbc22c6bb3bd0,
    type: 2}
  m_PrefabInternal: {fileID: 1659269740}
  m_GameObject: {fileID: 657133981}
--- !u!1 &689046498
GameObject:
  m_ObjectHideFlags: 0
  m_PrefabParentObject: {fileID: 124654, guid: 3aeb4f8df08b0bb49aacbc22c6bb3bd0, type: 2}
  m_PrefabInternal: {fileID: 1659269740}
  serializedVersion: 4
  m_Component:
  - 224: {fileID: 689046499}
  - 222: {fileID: 689046501}
  - 114: {fileID: 689046500}
  m_Layer: 5
  m_Name: CircleMap
  m_TagString: Untagged
  m_Icon: {fileID: 0}
  m_NavMeshLayer: 0
  m_StaticEditorFlags: 0
  m_IsActive: 1
--- !u!224 &689046499
RectTransform:
  m_ObjectHideFlags: 0
  m_PrefabParentObject: {fileID: 22424654, guid: 3aeb4f8df08b0bb49aacbc22c6bb3bd0,
    type: 2}
  m_PrefabInternal: {fileID: 1659269740}
  m_GameObject: {fileID: 689046498}
  m_LocalRotation: {x: 0, y: 0, z: 0, w: 1}
  m_LocalPosition: {x: 0, y: 0, z: 0}
  m_LocalScale: {x: 1.3, y: 1.3, z: 1}
  m_Children:
  - {fileID: 1933111601}
  - {fileID: 1601276690}
  - {fileID: 647825957}
  m_Father: {fileID: 350039413}
  m_RootOrder: 1
  m_AnchorMin: {x: 0.5, y: 0.5}
  m_AnchorMax: {x: 0.5, y: 0.5}
  m_AnchoredPosition: {x: 0, y: 0}
  m_SizeDelta: {x: 441, y: 441}
  m_Pivot: {x: 0.5, y: 0.5}
--- !u!114 &689046500
MonoBehaviour:
  m_ObjectHideFlags: 0
  m_PrefabParentObject: {fileID: 11424656, guid: 3aeb4f8df08b0bb49aacbc22c6bb3bd0,
    type: 2}
  m_PrefabInternal: {fileID: 1659269740}
  m_GameObject: {fileID: 689046498}
  m_Enabled: 1
  m_EditorHideFlags: 0
  m_Script: {fileID: -765806418, guid: f5f67c52d1564df4a8936ccd202a3bd8, type: 3}
  m_Name: 
  m_EditorClassIdentifier: 
  m_Material: {fileID: 0}
  m_Color: {r: 0.9490196, g: 0.92941177, b: 0.8784314, a: 1}
  m_RaycastTarget: 1
  m_OnCullStateChanged:
    m_PersistentCalls:
      m_Calls: []
    m_TypeName: UnityEngine.UI.MaskableGraphic+CullStateChangedEvent, UnityEngine.UI,
      Version=1.0.0.0, Culture=neutral, PublicKeyToken=null
  m_Sprite: {fileID: 21300000, guid: 86c50c842fc5e5548b6a6e876c645ee0, type: 3}
  m_Type: 0
  m_PreserveAspect: 0
  m_FillCenter: 1
  m_FillMethod: 4
  m_FillAmount: 1
  m_FillClockwise: 1
  m_FillOrigin: 0
--- !u!222 &689046501
CanvasRenderer:
  m_ObjectHideFlags: 0
  m_PrefabParentObject: {fileID: 22224654, guid: 3aeb4f8df08b0bb49aacbc22c6bb3bd0,
    type: 2}
  m_PrefabInternal: {fileID: 1659269740}
  m_GameObject: {fileID: 689046498}
--- !u!1 &708893131
GameObject:
  m_ObjectHideFlags: 0
  m_PrefabParentObject: {fileID: 124686, guid: 3aeb4f8df08b0bb49aacbc22c6bb3bd0, type: 2}
  m_PrefabInternal: {fileID: 1659269740}
  serializedVersion: 4
  m_Component:
  - 224: {fileID: 708893135}
  - 223: {fileID: 708893134}
  - 114: {fileID: 708893133}
  - 114: {fileID: 708893132}
  m_Layer: 5
  m_Name: GameExample_22
  m_TagString: Untagged
  m_Icon: {fileID: 0}
  m_NavMeshLayer: 0
  m_StaticEditorFlags: 0
  m_IsActive: 1
--- !u!114 &708893132
MonoBehaviour:
  m_ObjectHideFlags: 0
  m_PrefabParentObject: {fileID: 11424690, guid: 3aeb4f8df08b0bb49aacbc22c6bb3bd0,
    type: 2}
  m_PrefabInternal: {fileID: 1659269740}
  m_GameObject: {fileID: 708893131}
  m_Enabled: 1
  m_EditorHideFlags: 0
  m_Script: {fileID: 1301386320, guid: f5f67c52d1564df4a8936ccd202a3bd8, type: 3}
  m_Name: 
  m_EditorClassIdentifier: 
  m_IgnoreReversedGraphics: 1
  m_BlockingObjects: 0
  m_BlockingMask:
    serializedVersion: 2
    m_Bits: 4294967295
--- !u!114 &708893133
MonoBehaviour:
  m_ObjectHideFlags: 0
  m_PrefabParentObject: {fileID: 11424692, guid: 3aeb4f8df08b0bb49aacbc22c6bb3bd0,
    type: 2}
  m_PrefabInternal: {fileID: 1659269740}
  m_GameObject: {fileID: 708893131}
  m_Enabled: 1
  m_EditorHideFlags: 0
  m_Script: {fileID: 1980459831, guid: f5f67c52d1564df4a8936ccd202a3bd8, type: 3}
  m_Name: 
  m_EditorClassIdentifier: 
  m_UiScaleMode: 1
  m_ReferencePixelsPerUnit: 100
  m_ScaleFactor: 1
  m_ReferenceResolution: {x: 640, y: 1136}
  m_ScreenMatchMode: 0
  m_MatchWidthOrHeight: 1
  m_PhysicalUnit: 3
  m_FallbackScreenDPI: 96
  m_DefaultSpriteDPI: 96
  m_DynamicPixelsPerUnit: 1
--- !u!223 &708893134
Canvas:
  m_ObjectHideFlags: 0
  m_PrefabParentObject: {fileID: 22324640, guid: 3aeb4f8df08b0bb49aacbc22c6bb3bd0,
    type: 2}
  m_PrefabInternal: {fileID: 1659269740}
  m_GameObject: {fileID: 708893131}
  m_Enabled: 1
  serializedVersion: 2
  m_RenderMode: 0
  m_Camera: {fileID: 0}
  m_PlaneDistance: 100
  m_PixelPerfect: 1
  m_ReceivesEvents: 1
  m_OverrideSorting: 0
  m_OverridePixelPerfect: 0
  m_SortingLayerID: 0
  m_SortingOrder: 0
  m_TargetDisplay: 0
--- !u!224 &708893135
RectTransform:
  m_ObjectHideFlags: 0
  m_PrefabParentObject: {fileID: 22424686, guid: 3aeb4f8df08b0bb49aacbc22c6bb3bd0,
    type: 2}
  m_PrefabInternal: {fileID: 1659269740}
  m_GameObject: {fileID: 708893131}
  m_LocalRotation: {x: 0, y: 0, z: 0, w: 1}
  m_LocalPosition: {x: 0, y: 0, z: 0}
  m_LocalScale: {x: 0, y: 0, z: 0}
  m_Children:
  - {fileID: 434955589}
  - {fileID: 350039413}
  m_Father: {fileID: 0}
  m_RootOrder: 0
  m_AnchorMin: {x: 0, y: 0}
  m_AnchorMax: {x: 0, y: 0}
  m_AnchoredPosition: {x: 0, y: 0}
  m_SizeDelta: {x: 0, y: 0}
  m_Pivot: {x: 0, y: 0}
--- !u!1 &1438978085
GameObject:
  m_ObjectHideFlags: 0
  m_PrefabParentObject: {fileID: 124664, guid: 3aeb4f8df08b0bb49aacbc22c6bb3bd0, type: 2}
  m_PrefabInternal: {fileID: 1659269740}
  serializedVersion: 4
  m_Component:
  - 224: {fileID: 1438978086}
  - 222: {fileID: 1438978089}
  - 114: {fileID: 1438978088}
  - 114: {fileID: 1438978087}
  m_Layer: 5
  m_Name: Button
  m_TagString: Untagged
  m_Icon: {fileID: 0}
  m_NavMeshLayer: 0
  m_StaticEditorFlags: 0
  m_IsActive: 1
--- !u!224 &1438978086
RectTransform:
  m_ObjectHideFlags: 0
  m_PrefabParentObject: {fileID: 22424664, guid: 3aeb4f8df08b0bb49aacbc22c6bb3bd0,
    type: 2}
  m_PrefabInternal: {fileID: 1659269740}
  m_GameObject: {fileID: 1438978085}
  m_LocalRotation: {x: 0, y: 0, z: 0, w: 1}
  m_LocalPosition: {x: 0, y: 0, z: 0}
  m_LocalScale: {x: 1, y: 1, z: 1}
  m_Children:
  - {fileID: 1979425940}
  m_Father: {fileID: 350039413}
  m_RootOrder: 2
  m_AnchorMin: {x: 0.5, y: 0.5}
  m_AnchorMax: {x: 0.5, y: 0.5}
  m_AnchoredPosition: {x: 0, y: -423.99988}
  m_SizeDelta: {x: 273, y: 100}
  m_Pivot: {x: 0.5, y: 0.5}
--- !u!114 &1438978087
MonoBehaviour:
  m_ObjectHideFlags: 0
  m_PrefabParentObject: {fileID: 11424640, guid: 3aeb4f8df08b0bb49aacbc22c6bb3bd0,
    type: 2}
  m_PrefabInternal: {fileID: 1659269740}
  m_GameObject: {fileID: 1438978085}
  m_Enabled: 1
  m_EditorHideFlags: 0
  m_Script: {fileID: 1392445389, guid: f5f67c52d1564df4a8936ccd202a3bd8, type: 3}
  m_Name: 
  m_EditorClassIdentifier: 
  m_Navigation:
    m_Mode: 3
    m_SelectOnUp: {fileID: 0}
    m_SelectOnDown: {fileID: 0}
    m_SelectOnLeft: {fileID: 0}
    m_SelectOnRight: {fileID: 0}
  m_Transition: 1
  m_Colors:
    m_NormalColor: {r: 1, g: 1, b: 1, a: 1}
    m_HighlightedColor: {r: 0.9607843, g: 0.9607843, b: 0.9607843, a: 1}
    m_PressedColor: {r: 0.78431374, g: 0.78431374, b: 0.78431374, a: 1}
    m_DisabledColor: {r: 0.78431374, g: 0.78431374, b: 0.78431374, a: 0.5019608}
    m_ColorMultiplier: 1
    m_FadeDuration: 0.1
  m_SpriteState:
    m_HighlightedSprite: {fileID: 0}
    m_PressedSprite: {fileID: 0}
    m_DisabledSprite: {fileID: 0}
  m_AnimationTriggers:
    m_NormalTrigger: Normal
    m_HighlightedTrigger: Highlighted
    m_PressedTrigger: Pressed
    m_DisabledTrigger: Disabled
  m_Interactable: 1
  m_TargetGraphic: {fileID: 1438978088}
  m_OnClick:
    m_PersistentCalls:
      m_Calls: []
    m_TypeName: UnityEngine.UI.Button+ButtonClickedEvent, UnityEngine.UI, Version=1.0.0.0,
      Culture=neutral, PublicKeyToken=null
--- !u!114 &1438978088
MonoBehaviour:
  m_ObjectHideFlags: 0
  m_PrefabParentObject: {fileID: 11424666, guid: 3aeb4f8df08b0bb49aacbc22c6bb3bd0,
    type: 2}
  m_PrefabInternal: {fileID: 1659269740}
  m_GameObject: {fileID: 1438978085}
  m_Enabled: 1
  m_EditorHideFlags: 0
  m_Script: {fileID: -765806418, guid: f5f67c52d1564df4a8936ccd202a3bd8, type: 3}
  m_Name: 
  m_EditorClassIdentifier: 
  m_Material: {fileID: 0}
  m_Color: {r: 0.99215686, g: 0.30588236, b: 0.30588236, a: 1}
  m_RaycastTarget: 1
  m_OnCullStateChanged:
    m_PersistentCalls:
      m_Calls: []
    m_TypeName: UnityEngine.UI.MaskableGraphic+CullStateChangedEvent, UnityEngine.UI,
      Version=1.0.0.0, Culture=neutral, PublicKeyToken=null
  m_Sprite: {fileID: 21300000, guid: d933e3d481575ca4b8c63bf881596b5f, type: 3}
  m_Type: 0
  m_PreserveAspect: 0
  m_FillCenter: 1
  m_FillMethod: 4
  m_FillAmount: 1
  m_FillClockwise: 1
  m_FillOrigin: 0
--- !u!222 &1438978089
CanvasRenderer:
  m_ObjectHideFlags: 0
  m_PrefabParentObject: {fileID: 22224664, guid: 3aeb4f8df08b0bb49aacbc22c6bb3bd0,
    type: 2}
  m_PrefabInternal: {fileID: 1659269740}
  m_GameObject: {fileID: 1438978085}
--- !u!1 &1442742305
GameObject:
  m_ObjectHideFlags: 0
  m_PrefabParentObject: {fileID: 124646, guid: 3aeb4f8df08b0bb49aacbc22c6bb3bd0, type: 2}
  m_PrefabInternal: {fileID: 1659269740}
  serializedVersion: 4
  m_Component:
  - 224: {fileID: 1442742306}
  - 222: {fileID: 1442742308}
  - 114: {fileID: 1442742307}
  m_Layer: 5
  m_Name: Square
  m_TagString: Untagged
  m_Icon: {fileID: 0}
  m_NavMeshLayer: 0
  m_StaticEditorFlags: 0
  m_IsActive: 1
--- !u!224 &1442742306
RectTransform:
  m_ObjectHideFlags: 0
  m_PrefabParentObject: {fileID: 22424646, guid: 3aeb4f8df08b0bb49aacbc22c6bb3bd0,
    type: 2}
  m_PrefabInternal: {fileID: 1659269740}
  m_GameObject: {fileID: 1442742305}
  m_LocalRotation: {x: 0, y: 0, z: 0, w: 1}
  m_LocalPosition: {x: 0, y: 0, z: 0}
  m_LocalScale: {x: 1, y: 1, z: 1}
  m_Children: []
  m_Father: {fileID: 1933111601}
  m_RootOrder: 8
  m_AnchorMin: {x: 0.5, y: 0.5}
  m_AnchorMax: {x: 0.5, y: 0.5}
  m_AnchoredPosition: {x: 0, y: 32.769394}
  m_SizeDelta: {x: 21.2, y: 125.6}
  m_Pivot: {x: 0.5, y: 0.5}
--- !u!114 &1442742307
MonoBehaviour:
  m_ObjectHideFlags: 0
  m_PrefabParentObject: {fileID: 11424648, guid: 3aeb4f8df08b0bb49aacbc22c6bb3bd0,
    type: 2}
  m_PrefabInternal: {fileID: 1659269740}
  m_GameObject: {fileID: 1442742305}
  m_Enabled: 1
  m_EditorHideFlags: 0
  m_Script: {fileID: -765806418, guid: f5f67c52d1564df4a8936ccd202a3bd8, type: 3}
  m_Name: 
  m_EditorClassIdentifier: 
  m_Material: {fileID: 0}
  m_Color: {r: 0.18039216, g: 0.18039216, b: 0.18039216, a: 1}
  m_RaycastTarget: 1
  m_OnCullStateChanged:
    m_PersistentCalls:
      m_Calls: []
    m_TypeName: UnityEngine.UI.MaskableGraphic+CullStateChangedEvent, UnityEngine.UI,
      Version=1.0.0.0, Culture=neutral, PublicKeyToken=null
  m_Sprite: {fileID: 21300000, guid: 7ed1238760b863f4aafde32ab3a6f28c, type: 3}
  m_Type: 1
  m_PreserveAspect: 0
  m_FillCenter: 1
  m_FillMethod: 4
  m_FillAmount: 1
  m_FillClockwise: 1
  m_FillOrigin: 0
--- !u!222 &1442742308
CanvasRenderer:
  m_ObjectHideFlags: 0
  m_PrefabParentObject: {fileID: 22224646, guid: 3aeb4f8df08b0bb49aacbc22c6bb3bd0,
    type: 2}
  m_PrefabInternal: {fileID: 1659269740}
  m_GameObject: {fileID: 1442742305}
--- !u!1 &1497017983
GameObject:
  m_ObjectHideFlags: 0
  m_PrefabParentObject: {fileID: 124666, guid: 3aeb4f8df08b0bb49aacbc22c6bb3bd0, type: 2}
  m_PrefabInternal: {fileID: 1659269740}
  serializedVersion: 4
  m_Component:
  - 224: {fileID: 1497017984}
  - 222: {fileID: 1497017986}
  - 114: {fileID: 1497017985}
  m_Layer: 5
  m_Name: Square
  m_TagString: Untagged
  m_Icon: {fileID: 0}
  m_NavMeshLayer: 0
  m_StaticEditorFlags: 0
  m_IsActive: 1
--- !u!224 &1497017984
RectTransform:
  m_ObjectHideFlags: 0
  m_PrefabParentObject: {fileID: 22424666, guid: 3aeb4f8df08b0bb49aacbc22c6bb3bd0,
    type: 2}
  m_PrefabInternal: {fileID: 1659269740}
  m_GameObject: {fileID: 1497017983}
  m_LocalRotation: {x: 0, y: 0, z: 0, w: 1}
  m_LocalPosition: {x: 0, y: 0, z: 0}
  m_LocalScale: {x: 1, y: 1, z: 1}
  m_Children: []
  m_Father: {fileID: 1933111601}
  m_RootOrder: 1
  m_AnchorMin: {x: 0.5, y: 0.5}
  m_AnchorMax: {x: 0.5, y: 0.5}
  m_AnchoredPosition: {x: 0, y: 213.92332}
  m_SizeDelta: {x: 21.2, y: 125.6}
  m_Pivot: {x: 0.5, y: 0.5}
--- !u!114 &1497017985
MonoBehaviour:
  m_ObjectHideFlags: 0
  m_PrefabParentObject: {fileID: 11424668, guid: 3aeb4f8df08b0bb49aacbc22c6bb3bd0,
    type: 2}
  m_PrefabInternal: {fileID: 1659269740}
  m_GameObject: {fileID: 1497017983}
  m_Enabled: 1
  m_EditorHideFlags: 0
  m_Script: {fileID: -765806418, guid: f5f67c52d1564df4a8936ccd202a3bd8, type: 3}
  m_Name: 
  m_EditorClassIdentifier: 
  m_Material: {fileID: 0}
  m_Color: {r: 0.18039216, g: 0.18039216, b: 0.18039216, a: 1}
  m_RaycastTarget: 1
  m_OnCullStateChanged:
    m_PersistentCalls:
      m_Calls: []
    m_TypeName: UnityEngine.UI.MaskableGraphic+CullStateChangedEvent, UnityEngine.UI,
      Version=1.0.0.0, Culture=neutral, PublicKeyToken=null
  m_Sprite: {fileID: 21300000, guid: 7ed1238760b863f4aafde32ab3a6f28c, type: 3}
  m_Type: 1
  m_PreserveAspect: 0
  m_FillCenter: 1
  m_FillMethod: 4
  m_FillAmount: 1
  m_FillClockwise: 1
  m_FillOrigin: 0
--- !u!222 &1497017986
CanvasRenderer:
  m_ObjectHideFlags: 0
  m_PrefabParentObject: {fileID: 22224666, guid: 3aeb4f8df08b0bb49aacbc22c6bb3bd0,
    type: 2}
  m_PrefabInternal: {fileID: 1659269740}
  m_GameObject: {fileID: 1497017983}
--- !u!1 &1500371475
GameObject:
  m_ObjectHideFlags: 0
  m_PrefabParentObject: {fileID: 0}
  m_PrefabInternal: {fileID: 0}
  serializedVersion: 4
  m_Component:
  - 4: {fileID: 1500371479}
  - 114: {fileID: 1500371478}
  - 114: {fileID: 1500371477}
  - 114: {fileID: 1500371476}
  m_Layer: 0
  m_Name: EventSystem
  m_TagString: Untagged
  m_Icon: {fileID: 0}
  m_NavMeshLayer: 0
  m_StaticEditorFlags: 0
  m_IsActive: 1
--- !u!114 &1500371476
MonoBehaviour:
  m_ObjectHideFlags: 0
  m_PrefabParentObject: {fileID: 0}
  m_PrefabInternal: {fileID: 0}
  m_GameObject: {fileID: 1500371475}
  m_Enabled: 1
  m_EditorHideFlags: 0
  m_Script: {fileID: 1997211142, guid: f5f67c52d1564df4a8936ccd202a3bd8, type: 3}
  m_Name: 
  m_EditorClassIdentifier: 
  m_ForceModuleActive: 0
--- !u!114 &1500371477
MonoBehaviour:
  m_ObjectHideFlags: 0
  m_PrefabParentObject: {fileID: 0}
  m_PrefabInternal: {fileID: 0}
  m_GameObject: {fileID: 1500371475}
  m_Enabled: 1
  m_EditorHideFlags: 0
  m_Script: {fileID: 1077351063, guid: f5f67c52d1564df4a8936ccd202a3bd8, type: 3}
  m_Name: 
  m_EditorClassIdentifier: 
  m_HorizontalAxis: Horizontal
  m_VerticalAxis: Vertical
  m_SubmitButton: Submit
  m_CancelButton: Cancel
  m_InputActionsPerSecond: 10
  m_RepeatDelay: 0.5
  m_ForceModuleActive: 0
--- !u!114 &1500371478
MonoBehaviour:
  m_ObjectHideFlags: 0
  m_PrefabParentObject: {fileID: 0}
  m_PrefabInternal: {fileID: 0}
  m_GameObject: {fileID: 1500371475}
  m_Enabled: 1
  m_EditorHideFlags: 0
  m_Script: {fileID: -619905303, guid: f5f67c52d1564df4a8936ccd202a3bd8, type: 3}
  m_Name: 
  m_EditorClassIdentifier: 
  m_FirstSelected: {fileID: 0}
  m_sendNavigationEvents: 1
  m_DragThreshold: 5
--- !u!4 &1500371479
Transform:
  m_ObjectHideFlags: 0
  m_PrefabParentObject: {fileID: 0}
  m_PrefabInternal: {fileID: 0}
  m_GameObject: {fileID: 1500371475}
  m_LocalRotation: {x: 0, y: 0, z: 0, w: 1}
  m_LocalPosition: {x: 0, y: 0, z: 0}
  m_LocalScale: {x: 1, y: 1, z: 1}
  m_Children: []
  m_Father: {fileID: 0}
  m_RootOrder: 1
--- !u!1 &1511305452
GameObject:
  m_ObjectHideFlags: 0
  m_PrefabParentObject: {fileID: 0}
  m_PrefabInternal: {fileID: 0}
  serializedVersion: 4
  m_Component:
  - 4: {fileID: 1511305453}
  m_Layer: 0
  m_Name: __SET_YOUR_GAMESCREEN_TO_640x1136
  m_TagString: Untagged
  m_Icon: {fileID: 0}
  m_NavMeshLayer: 0
  m_StaticEditorFlags: 0
  m_IsActive: 1
--- !u!4 &1511305453
Transform:
  m_ObjectHideFlags: 0
  m_PrefabParentObject: {fileID: 0}
  m_PrefabInternal: {fileID: 0}
  m_GameObject: {fileID: 1511305452}
  m_LocalRotation: {x: 0, y: 0, z: 0, w: 1}
  m_LocalPosition: {x: 494.995, y: 627.74, z: 0}
  m_LocalScale: {x: 1, y: 1, z: 1}
  m_Children: []
  m_Father: {fileID: 0}
  m_RootOrder: 2
--- !u!1 &1601276689
GameObject:
  m_ObjectHideFlags: 0
  m_PrefabParentObject: {fileID: 124676, guid: 3aeb4f8df08b0bb49aacbc22c6bb3bd0, type: 2}
  m_PrefabInternal: {fileID: 1659269740}
  serializedVersion: 4
  m_Component:
  - 224: {fileID: 1601276690}
  - 222: {fileID: 1601276692}
  - 114: {fileID: 1601276691}
  m_Layer: 5
  m_Name: Player
  m_TagString: Untagged
  m_Icon: {fileID: 0}
  m_NavMeshLayer: 0
  m_StaticEditorFlags: 0
  m_IsActive: 1
--- !u!224 &1601276690
RectTransform:
  m_ObjectHideFlags: 0
  m_PrefabParentObject: {fileID: 22424676, guid: 3aeb4f8df08b0bb49aacbc22c6bb3bd0,
    type: 2}
  m_PrefabInternal: {fileID: 1659269740}
  m_GameObject: {fileID: 1601276689}
  m_LocalRotation: {x: 0, y: 0, z: 0.2010298, w: -0.9795852}
  m_LocalPosition: {x: 0, y: 0, z: 0}
  m_LocalScale: {x: 1, y: 1, z: 1}
  m_Children:
  - {fileID: 583590742}
  - {fileID: 171905470}
  m_Father: {fileID: 689046499}
  m_RootOrder: 1
  m_AnchorMin: {x: 0.5, y: 0.5}
  m_AnchorMax: {x: 0.5, y: 0.5}
  m_AnchoredPosition: {x: -108.3077, y: -66.4616}
  m_SizeDelta: {x: 30, y: 30}
  m_Pivot: {x: 0.5, y: 0.5}
--- !u!114 &1601276691
MonoBehaviour:
  m_ObjectHideFlags: 0
  m_PrefabParentObject: {fileID: 11424680, guid: 3aeb4f8df08b0bb49aacbc22c6bb3bd0,
    type: 2}
  m_PrefabInternal: {fileID: 1659269740}
  m_GameObject: {fileID: 1601276689}
  m_Enabled: 1
  m_EditorHideFlags: 0
  m_Script: {fileID: -765806418, guid: f5f67c52d1564df4a8936ccd202a3bd8, type: 3}
  m_Name: 
  m_EditorClassIdentifier: 
  m_Material: {fileID: 0}
  m_Color: {r: 0.99607843, g: 0.30588236, b: 0.30588236, a: 1}
  m_RaycastTarget: 1
  m_OnCullStateChanged:
    m_PersistentCalls:
      m_Calls: []
    m_TypeName: UnityEngine.UI.MaskableGraphic+CullStateChangedEvent, UnityEngine.UI,
      Version=1.0.0.0, Culture=neutral, PublicKeyToken=null
  m_Sprite: {fileID: 21300000, guid: 7ed1238760b863f4aafde32ab3a6f28c, type: 3}
  m_Type: 1
  m_PreserveAspect: 0
  m_FillCenter: 1
  m_FillMethod: 4
  m_FillAmount: 1
  m_FillClockwise: 1
  m_FillOrigin: 0
--- !u!222 &1601276692
CanvasRenderer:
  m_ObjectHideFlags: 0
  m_PrefabParentObject: {fileID: 22224676, guid: 3aeb4f8df08b0bb49aacbc22c6bb3bd0,
    type: 2}
  m_PrefabInternal: {fileID: 1659269740}
  m_GameObject: {fileID: 1601276689}
--- !u!1 &1605410945
GameObject:
  m_ObjectHideFlags: 0
  m_PrefabParentObject: {fileID: 124682, guid: 3aeb4f8df08b0bb49aacbc22c6bb3bd0, type: 2}
  m_PrefabInternal: {fileID: 1659269740}
  serializedVersion: 4
  m_Component:
  - 224: {fileID: 1605410946}
  - 222: {fileID: 1605410948}
  - 114: {fileID: 1605410947}
  m_Layer: 5
  m_Name: Square
  m_TagString: Untagged
  m_Icon: {fileID: 0}
  m_NavMeshLayer: 0
  m_StaticEditorFlags: 0
  m_IsActive: 1
--- !u!224 &1605410946
RectTransform:
  m_ObjectHideFlags: 0
  m_PrefabParentObject: {fileID: 22424682, guid: 3aeb4f8df08b0bb49aacbc22c6bb3bd0,
    type: 2}
  m_PrefabInternal: {fileID: 1659269740}
  m_GameObject: {fileID: 1605410945}
  m_LocalRotation: {x: 0, y: 0, z: -0.38268292, w: 0.92387974}
  m_LocalPosition: {x: 0, y: 0, z: 0}
  m_LocalScale: {x: 1, y: 1, z: 1}
  m_Children: []
  m_Father: {fileID: 1933111601}
  m_RootOrder: 7
  m_AnchorMin: {x: 0.5, y: 0.5}
  m_AnchorMax: {x: 0.5, y: 0.5}
  m_AnchoredPosition: {x: -147.92313, y: 139.30763}
  m_SizeDelta: {x: 95.1, y: 18.9}
  m_Pivot: {x: 0.5, y: 0.5}
--- !u!114 &1605410947
MonoBehaviour:
  m_ObjectHideFlags: 0
  m_PrefabParentObject: {fileID: 11424686, guid: 3aeb4f8df08b0bb49aacbc22c6bb3bd0,
    type: 2}
  m_PrefabInternal: {fileID: 1659269740}
  m_GameObject: {fileID: 1605410945}
  m_Enabled: 1
  m_EditorHideFlags: 0
  m_Script: {fileID: -765806418, guid: f5f67c52d1564df4a8936ccd202a3bd8, type: 3}
  m_Name: 
  m_EditorClassIdentifier: 
  m_Material: {fileID: 0}
  m_Color: {r: 0.18039216, g: 0.18039216, b: 0.18039216, a: 1}
  m_RaycastTarget: 1
  m_OnCullStateChanged:
    m_PersistentCalls:
      m_Calls: []
    m_TypeName: UnityEngine.UI.MaskableGraphic+CullStateChangedEvent, UnityEngine.UI,
      Version=1.0.0.0, Culture=neutral, PublicKeyToken=null
  m_Sprite: {fileID: 21300000, guid: 7ed1238760b863f4aafde32ab3a6f28c, type: 3}
  m_Type: 1
  m_PreserveAspect: 0
  m_FillCenter: 1
  m_FillMethod: 4
  m_FillAmount: 1
  m_FillClockwise: 1
  m_FillOrigin: 0
--- !u!222 &1605410948
CanvasRenderer:
  m_ObjectHideFlags: 0
  m_PrefabParentObject: {fileID: 22224682, guid: 3aeb4f8df08b0bb49aacbc22c6bb3bd0,
    type: 2}
  m_PrefabInternal: {fileID: 1659269740}
  m_GameObject: {fileID: 1605410945}
--- !u!1001 &1659269740
Prefab:
  m_ObjectHideFlags: 0
  serializedVersion: 2
  m_Modification:
    m_TransformParent: {fileID: 0}
    m_Modifications:
    - target: {fileID: 22424686, guid: 3aeb4f8df08b0bb49aacbc22c6bb3bd0, type: 2}
      propertyPath: m_LocalPosition.x
      value: 0
      objectReference: {fileID: 0}
    - target: {fileID: 22424686, guid: 3aeb4f8df08b0bb49aacbc22c6bb3bd0, type: 2}
      propertyPath: m_LocalPosition.y
      value: 0
      objectReference: {fileID: 0}
    - target: {fileID: 22424686, guid: 3aeb4f8df08b0bb49aacbc22c6bb3bd0, type: 2}
      propertyPath: m_LocalPosition.z
      value: 0
      objectReference: {fileID: 0}
    - target: {fileID: 22424686, guid: 3aeb4f8df08b0bb49aacbc22c6bb3bd0, type: 2}
      propertyPath: m_LocalRotation.x
      value: 0
      objectReference: {fileID: 0}
    - target: {fileID: 22424686, guid: 3aeb4f8df08b0bb49aacbc22c6bb3bd0, type: 2}
      propertyPath: m_LocalRotation.y
      value: 0
      objectReference: {fileID: 0}
    - target: {fileID: 22424686, guid: 3aeb4f8df08b0bb49aacbc22c6bb3bd0, type: 2}
      propertyPath: m_LocalRotation.z
      value: 0
      objectReference: {fileID: 0}
    - target: {fileID: 22424686, guid: 3aeb4f8df08b0bb49aacbc22c6bb3bd0, type: 2}
      propertyPath: m_LocalRotation.w
      value: 1
      objectReference: {fileID: 0}
    - target: {fileID: 22424686, guid: 3aeb4f8df08b0bb49aacbc22c6bb3bd0, type: 2}
      propertyPath: m_RootOrder
      value: 0
      objectReference: {fileID: 0}
    - target: {fileID: 22424686, guid: 3aeb4f8df08b0bb49aacbc22c6bb3bd0, type: 2}
      propertyPath: m_AnchoredPosition.x
      value: 0
      objectReference: {fileID: 0}
    - target: {fileID: 22424686, guid: 3aeb4f8df08b0bb49aacbc22c6bb3bd0, type: 2}
      propertyPath: m_AnchoredPosition.y
      value: 0
      objectReference: {fileID: 0}
    - target: {fileID: 22424686, guid: 3aeb4f8df08b0bb49aacbc22c6bb3bd0, type: 2}
      propertyPath: m_SizeDelta.x
      value: 0
      objectReference: {fileID: 0}
    - target: {fileID: 22424686, guid: 3aeb4f8df08b0bb49aacbc22c6bb3bd0, type: 2}
      propertyPath: m_SizeDelta.y
      value: 0
      objectReference: {fileID: 0}
    - target: {fileID: 22424686, guid: 3aeb4f8df08b0bb49aacbc22c6bb3bd0, type: 2}
      propertyPath: m_AnchorMin.x
      value: 0
      objectReference: {fileID: 0}
    - target: {fileID: 22424686, guid: 3aeb4f8df08b0bb49aacbc22c6bb3bd0, type: 2}
      propertyPath: m_AnchorMin.y
      value: 0
      objectReference: {fileID: 0}
    - target: {fileID: 22424686, guid: 3aeb4f8df08b0bb49aacbc22c6bb3bd0, type: 2}
      propertyPath: m_AnchorMax.x
      value: 0
      objectReference: {fileID: 0}
    - target: {fileID: 22424686, guid: 3aeb4f8df08b0bb49aacbc22c6bb3bd0, type: 2}
      propertyPath: m_AnchorMax.y
      value: 0
      objectReference: {fileID: 0}
    - target: {fileID: 22424686, guid: 3aeb4f8df08b0bb49aacbc22c6bb3bd0, type: 2}
      propertyPath: m_Pivot.x
      value: 0
      objectReference: {fileID: 0}
    - target: {fileID: 22424686, guid: 3aeb4f8df08b0bb49aacbc22c6bb3bd0, type: 2}
      propertyPath: m_Pivot.y
      value: 0
      objectReference: {fileID: 0}
    m_RemovedComponents: []
  m_ParentPrefab: {fileID: 100100000, guid: 3aeb4f8df08b0bb49aacbc22c6bb3bd0, type: 2}
  m_RootGameObject: {fileID: 708893131}
  m_IsPrefabParent: 0
--- !u!1 &1664298891
GameObject:
  m_ObjectHideFlags: 0
  m_PrefabParentObject: {fileID: 124674, guid: 3aeb4f8df08b0bb49aacbc22c6bb3bd0, type: 2}
  m_PrefabInternal: {fileID: 1659269740}
  serializedVersion: 4
  m_Component:
  - 224: {fileID: 1664298892}
  - 222: {fileID: 1664298894}
  - 114: {fileID: 1664298893}
  m_Layer: 5
  m_Name: Square
  m_TagString: Untagged
  m_Icon: {fileID: 0}
  m_NavMeshLayer: 0
  m_StaticEditorFlags: 0
  m_IsActive: 1
--- !u!224 &1664298892
RectTransform:
  m_ObjectHideFlags: 0
  m_PrefabParentObject: {fileID: 22424674, guid: 3aeb4f8df08b0bb49aacbc22c6bb3bd0,
    type: 2}
  m_PrefabInternal: {fileID: 1659269740}
  m_GameObject: {fileID: 1664298891}
  m_LocalRotation: {x: 0, y: 0, z: 0, w: 1}
  m_LocalPosition: {x: 0, y: 0, z: 0}
  m_LocalScale: {x: 1, y: 1, z: 1}
  m_Children: []
  m_Father: {fileID: 1933111601}
  m_RootOrder: 10
  m_AnchorMin: {x: 0.5, y: 0.5}
  m_AnchorMax: {x: 0.5, y: 0.5}
  m_AnchoredPosition: {x: 0, y: -210.00008}
  m_SizeDelta: {x: 21, y: 121}
  m_Pivot: {x: 0.5, y: 0.5}
--- !u!114 &1664298893
MonoBehaviour:
  m_ObjectHideFlags: 0
  m_PrefabParentObject: {fileID: 11424678, guid: 3aeb4f8df08b0bb49aacbc22c6bb3bd0,
    type: 2}
  m_PrefabInternal: {fileID: 1659269740}
  m_GameObject: {fileID: 1664298891}
  m_Enabled: 1
  m_EditorHideFlags: 0
  m_Script: {fileID: -765806418, guid: f5f67c52d1564df4a8936ccd202a3bd8, type: 3}
  m_Name: 
  m_EditorClassIdentifier: 
  m_Material: {fileID: 0}
  m_Color: {r: 0.18039216, g: 0.18039216, b: 0.18039216, a: 1}
  m_RaycastTarget: 1
  m_OnCullStateChanged:
    m_PersistentCalls:
      m_Calls: []
    m_TypeName: UnityEngine.UI.MaskableGraphic+CullStateChangedEvent, UnityEngine.UI,
      Version=1.0.0.0, Culture=neutral, PublicKeyToken=null
  m_Sprite: {fileID: 21300000, guid: 7ed1238760b863f4aafde32ab3a6f28c, type: 3}
  m_Type: 1
  m_PreserveAspect: 0
  m_FillCenter: 1
  m_FillMethod: 4
  m_FillAmount: 1
  m_FillClockwise: 1
  m_FillOrigin: 0
--- !u!222 &1664298894
CanvasRenderer:
  m_ObjectHideFlags: 0
  m_PrefabParentObject: {fileID: 22224674, guid: 3aeb4f8df08b0bb49aacbc22c6bb3bd0,
    type: 2}
  m_PrefabInternal: {fileID: 1659269740}
  m_GameObject: {fileID: 1664298891}
--- !u!1 &1933111600
GameObject:
  m_ObjectHideFlags: 0
  m_PrefabParentObject: {fileID: 124684, guid: 3aeb4f8df08b0bb49aacbc22c6bb3bd0, type: 2}
  m_PrefabInternal: {fileID: 1659269740}
  serializedVersion: 4
  m_Component:
  - 224: {fileID: 1933111601}
  - 222: {fileID: 1933111603}
  - 114: {fileID: 1933111602}
  m_Layer: 5
  m_Name: Circle
  m_TagString: Untagged
  m_Icon: {fileID: 0}
  m_NavMeshLayer: 0
  m_StaticEditorFlags: 0
  m_IsActive: 1
--- !u!224 &1933111601
RectTransform:
  m_ObjectHideFlags: 0
  m_PrefabParentObject: {fileID: 22424684, guid: 3aeb4f8df08b0bb49aacbc22c6bb3bd0,
    type: 2}
  m_PrefabInternal: {fileID: 1659269740}
  m_GameObject: {fileID: 1933111600}
  m_LocalRotation: {x: 0, y: 0, z: 0, w: 1}
  m_LocalPosition: {x: 0, y: 0, z: 0}
  m_LocalScale: {x: 1, y: 1, z: 1}
  m_Children:
  - {fileID: 652409661}
  - {fileID: 1497017984}
  - {fileID: 1960166586}
  - {fileID: 2110064978}
  - {fileID: 657133982}
  - {fileID: 108361467}
  - {fileID: 621118348}
  - {fileID: 1605410946}
  - {fileID: 1442742306}
  - {fileID: 100973300}
  - {fileID: 1664298892}
  - {fileID: 301164274}
  m_Father: {fileID: 689046499}
  m_RootOrder: 0
  m_AnchorMin: {x: 0.5, y: 0.5}
  m_AnchorMax: {x: 0.5, y: 0.5}
  m_AnchoredPosition: {x: 0, y: 0}
  m_SizeDelta: {x: 106, y: 106}
  m_Pivot: {x: 0.5, y: 0.5}
--- !u!114 &1933111602
MonoBehaviour:
  m_ObjectHideFlags: 0
  m_PrefabParentObject: {fileID: 11424688, guid: 3aeb4f8df08b0bb49aacbc22c6bb3bd0,
    type: 2}
  m_PrefabInternal: {fileID: 1659269740}
  m_GameObject: {fileID: 1933111600}
  m_Enabled: 1
  m_EditorHideFlags: 0
  m_Script: {fileID: -765806418, guid: f5f67c52d1564df4a8936ccd202a3bd8, type: 3}
  m_Name: 
  m_EditorClassIdentifier: 
  m_Material: {fileID: 0}
  m_Color: {r: 0.18039216, g: 0.18039216, b: 0.18039216, a: 1}
  m_RaycastTarget: 1
  m_OnCullStateChanged:
    m_PersistentCalls:
      m_Calls: []
    m_TypeName: UnityEngine.UI.MaskableGraphic+CullStateChangedEvent, UnityEngine.UI,
      Version=1.0.0.0, Culture=neutral, PublicKeyToken=null
  m_Sprite: {fileID: 21300000, guid: 86c50c842fc5e5548b6a6e876c645ee0, type: 3}
  m_Type: 0
  m_PreserveAspect: 0
  m_FillCenter: 1
  m_FillMethod: 4
  m_FillAmount: 1
  m_FillClockwise: 1
  m_FillOrigin: 0
--- !u!222 &1933111603
CanvasRenderer:
  m_ObjectHideFlags: 0
  m_PrefabParentObject: {fileID: 22224684, guid: 3aeb4f8df08b0bb49aacbc22c6bb3bd0,
    type: 2}
  m_PrefabInternal: {fileID: 1659269740}
  m_GameObject: {fileID: 1933111600}
--- !u!1 &1960166585
GameObject:
  m_ObjectHideFlags: 0
  m_PrefabParentObject: {fileID: 124672, guid: 3aeb4f8df08b0bb49aacbc22c6bb3bd0, type: 2}
  m_PrefabInternal: {fileID: 1659269740}
  serializedVersion: 4
  m_Component:
  - 224: {fileID: 1960166586}
  - 222: {fileID: 1960166588}
  - 114: {fileID: 1960166587}
  m_Layer: 5
  m_Name: Square
  m_TagString: Untagged
  m_Icon: {fileID: 0}
  m_NavMeshLayer: 0
  m_StaticEditorFlags: 0
  m_IsActive: 1
--- !u!224 &1960166586
RectTransform:
  m_ObjectHideFlags: 0
  m_PrefabParentObject: {fileID: 22424672, guid: 3aeb4f8df08b0bb49aacbc22c6bb3bd0,
    type: 2}
  m_PrefabInternal: {fileID: 1659269740}
  m_GameObject: {fileID: 1960166585}
  m_LocalRotation: {x: 0, y: 0, z: 0.3826835, w: 0.92387956}
  m_LocalPosition: {x: 0, y: 0, z: 0}
  m_LocalScale: {x: 1, y: 1, z: 1}
  m_Children: []
  m_Father: {fileID: 1933111601}
  m_RootOrder: 2
  m_AnchorMin: {x: 0.5, y: 0.5}
  m_AnchorMax: {x: 0.5, y: 0.5}
  m_AnchoredPosition: {x: 176.84598, y: 177.76918}
  m_SizeDelta: {x: 95.1, y: 18.9}
  m_Pivot: {x: 0.5, y: 0.5}
--- !u!114 &1960166587
MonoBehaviour:
  m_ObjectHideFlags: 0
  m_PrefabParentObject: {fileID: 11424676, guid: 3aeb4f8df08b0bb49aacbc22c6bb3bd0,
    type: 2}
  m_PrefabInternal: {fileID: 1659269740}
  m_GameObject: {fileID: 1960166585}
  m_Enabled: 1
  m_EditorHideFlags: 0
  m_Script: {fileID: -765806418, guid: f5f67c52d1564df4a8936ccd202a3bd8, type: 3}
  m_Name: 
  m_EditorClassIdentifier: 
  m_Material: {fileID: 0}
  m_Color: {r: 0.18039216, g: 0.18039216, b: 0.18039216, a: 1}
  m_RaycastTarget: 1
  m_OnCullStateChanged:
    m_PersistentCalls:
      m_Calls: []
    m_TypeName: UnityEngine.UI.MaskableGraphic+CullStateChangedEvent, UnityEngine.UI,
      Version=1.0.0.0, Culture=neutral, PublicKeyToken=null
  m_Sprite: {fileID: 21300000, guid: 7ed1238760b863f4aafde32ab3a6f28c, type: 3}
  m_Type: 1
  m_PreserveAspect: 0
  m_FillCenter: 1
  m_FillMethod: 4
  m_FillAmount: 1
  m_FillClockwise: 1
  m_FillOrigin: 0
--- !u!222 &1960166588
CanvasRenderer:
  m_ObjectHideFlags: 0
  m_PrefabParentObject: {fileID: 22224672, guid: 3aeb4f8df08b0bb49aacbc22c6bb3bd0,
    type: 2}
  m_PrefabInternal: {fileID: 1659269740}
  m_GameObject: {fileID: 1960166585}
--- !u!1 &1979425939
GameObject:
  m_ObjectHideFlags: 0
  m_PrefabParentObject: {fileID: 124648, guid: 3aeb4f8df08b0bb49aacbc22c6bb3bd0, type: 2}
  m_PrefabInternal: {fileID: 1659269740}
  serializedVersion: 4
  m_Component:
  - 224: {fileID: 1979425940}
  - 222: {fileID: 1979425942}
  - 114: {fileID: 1979425941}
  m_Layer: 5
  m_Name: Text
  m_TagString: Untagged
  m_Icon: {fileID: 0}
  m_NavMeshLayer: 0
  m_StaticEditorFlags: 0
  m_IsActive: 1
--- !u!224 &1979425940
RectTransform:
  m_ObjectHideFlags: 0
  m_PrefabParentObject: {fileID: 22424648, guid: 3aeb4f8df08b0bb49aacbc22c6bb3bd0,
    type: 2}
  m_PrefabInternal: {fileID: 1659269740}
  m_GameObject: {fileID: 1979425939}
  m_LocalRotation: {x: 0, y: 0, z: 0, w: 1}
  m_LocalPosition: {x: 0, y: 0, z: 0}
  m_LocalScale: {x: 1, y: 1, z: 1}
  m_Children: []
  m_Father: {fileID: 1438978086}
  m_RootOrder: 0
  m_AnchorMin: {x: 0.5, y: 0.5}
  m_AnchorMax: {x: 0.5, y: 0.5}
  m_AnchoredPosition: {x: 0, y: 0}
  m_SizeDelta: {x: 193, y: 64}
  m_Pivot: {x: 0.5, y: 0.5}
--- !u!114 &1979425941
MonoBehaviour:
  m_ObjectHideFlags: 0
  m_PrefabParentObject: {fileID: 11424650, guid: 3aeb4f8df08b0bb49aacbc22c6bb3bd0,
    type: 2}
  m_PrefabInternal: {fileID: 1659269740}
  m_GameObject: {fileID: 1979425939}
  m_Enabled: 1
  m_EditorHideFlags: 0
  m_Script: {fileID: 708705254, guid: f5f67c52d1564df4a8936ccd202a3bd8, type: 3}
  m_Name: 
  m_EditorClassIdentifier: 
  m_Material: {fileID: 0}
  m_Color: {r: 0.94509804, g: 0.9254902, b: 0.8745098, a: 1}
  m_RaycastTarget: 1
  m_OnCullStateChanged:
    m_PersistentCalls:
      m_Calls: []
    m_TypeName: UnityEngine.UI.MaskableGraphic+CullStateChangedEvent, UnityEngine.UI,
      Version=1.0.0.0, Culture=neutral, PublicKeyToken=null
  m_FontData:
    m_Font: {fileID: 12800000, guid: 7dfc2e1472ac84e1bb749a8a9f934483, type: 3}
    m_FontSize: 40
    m_FontStyle: 0
    m_BestFit: 0
    m_MinSize: 10
    m_MaxSize: 40
    m_Alignment: 4
    m_AlignByGeometry: 0
    m_RichText: 1
    m_HorizontalOverflow: 0
    m_VerticalOverflow: 0
    m_LineSpacing: 1
  m_Text: RESET
--- !u!222 &1979425942
CanvasRenderer:
  m_ObjectHideFlags: 0
  m_PrefabParentObject: {fileID: 22224648, guid: 3aeb4f8df08b0bb49aacbc22c6bb3bd0,
    type: 2}
  m_PrefabInternal: {fileID: 1659269740}
  m_GameObject: {fileID: 1979425939}
--- !u!1 &2110064977
GameObject:
  m_ObjectHideFlags: 0
  m_PrefabParentObject: {fileID: 124644, guid: 3aeb4f8df08b0bb49aacbc22c6bb3bd0, type: 2}
  m_PrefabInternal: {fileID: 1659269740}
  serializedVersion: 4
  m_Component:
  - 224: {fileID: 2110064978}
  - 222: {fileID: 2110064980}
  - 114: {fileID: 2110064979}
  m_Layer: 5
  m_Name: Square
  m_TagString: Untagged
  m_Icon: {fileID: 0}
  m_NavMeshLayer: 0
  m_StaticEditorFlags: 0
  m_IsActive: 1
--- !u!224 &2110064978
RectTransform:
  m_ObjectHideFlags: 0
  m_PrefabParentObject: {fileID: 22424644, guid: 3aeb4f8df08b0bb49aacbc22c6bb3bd0,
    type: 2}
  m_PrefabInternal: {fileID: 1659269740}
  m_GameObject: {fileID: 2110064977}
  m_LocalRotation: {x: 0, y: 0, z: 0.38268292, w: 0.92387974}
  m_LocalPosition: {x: 0, y: 0, z: 0}
  m_LocalScale: {x: 1, y: 1, z: 1}
  m_Children: []
  m_Father: {fileID: 1933111601}
  m_RootOrder: 3
  m_AnchorMin: {x: 0.5, y: 0.5}
  m_AnchorMax: {x: 0.5, y: 0.5}
  m_AnchoredPosition: {x: -31.538424, y: -28.461464}
  m_SizeDelta: {x: 94, y: 23}
  m_Pivot: {x: 0.5, y: 0.5}
--- !u!114 &2110064979
MonoBehaviour:
  m_ObjectHideFlags: 0
  m_PrefabParentObject: {fileID: 11424646, guid: 3aeb4f8df08b0bb49aacbc22c6bb3bd0,
    type: 2}
  m_PrefabInternal: {fileID: 1659269740}
  m_GameObject: {fileID: 2110064977}
  m_Enabled: 1
  m_EditorHideFlags: 0
  m_Script: {fileID: -765806418, guid: f5f67c52d1564df4a8936ccd202a3bd8, type: 3}
  m_Name: 
  m_EditorClassIdentifier: 
  m_Material: {fileID: 0}
  m_Color: {r: 0.18039216, g: 0.18039216, b: 0.18039216, a: 1}
  m_RaycastTarget: 1
  m_OnCullStateChanged:
    m_PersistentCalls:
      m_Calls: []
    m_TypeName: UnityEngine.UI.MaskableGraphic+CullStateChangedEvent, UnityEngine.UI,
      Version=1.0.0.0, Culture=neutral, PublicKeyToken=null
  m_Sprite: {fileID: 21300000, guid: 7ed1238760b863f4aafde32ab3a6f28c, type: 3}
  m_Type: 1
  m_PreserveAspect: 0
  m_FillCenter: 1
  m_FillMethod: 4
  m_FillAmount: 1
  m_FillClockwise: 1
  m_FillOrigin: 0
--- !u!222 &2110064980
CanvasRenderer:
  m_ObjectHideFlags: 0
  m_PrefabParentObject: {fileID: 22224644, guid: 3aeb4f8df08b0bb49aacbc22c6bb3bd0,
    type: 2}
  m_PrefabInternal: {fileID: 1659269740}
  m_GameObject: {fileID: 2110064977}
